3128 4846
707 282 885 382 ..39-

311 511 432 577 illidere
456 531 528 578 oum
552 512 616 578 det.
645 511 853 578 coniunctum
881 515 991 578 exstat
1014 516 1164 590 2.120,4.
1195 515 1387 578 catenarum

202 640 322 707 seriem
347 637 447 718 capiti
470 635 606 702 illidere.
630 654 700 702 oum
723 635 965 717 praepositione
986 636 1022 699 in
1046 643 1077 704 2.
1090 642 1151 718 7,2.

310 761 485 826 immiscere.
520 766 548 826 1.
561 766 613 843 2,1
637 761 805 826 immixtus
829 761 957 827 eastris.
980 761 1068 842 (iude
1092 779 1112 826 a
1134 761 1251 843 Livio.)

309 869 443 952 injicere.
468 875 497 934 2.
512 874 588 951 324
610 869 711 933 moles
735 871 828 934 mari.
850 868 983 952 injicere
1005 869 1041 934 in
1065 875 1193 950 2.19,2.

308 976 407 1039 inniti
429 975 566 1058 genibus
591 975 696 1058 (Poet.
720 971 816 1058 reos.)
841 981 871 1041 2.
882 980 969 1057 832.

307 1083 452 1147 inserere.
477 1085 619 1165 21024
643 1100 757 1148 manus
782 1083 880 1147 eoelo.
895 1080 1000 1166 (Poet
1012 1080 1100 1163 Liv.)
1115 1083 1191 1148 huic
1216 1083 1285 1148 loeo
1302 1082 1387 1149 inse-

200 1208 283 1256 rere.
302 1195 328 1254 1.
344 1195 428 1272 14,1.
451 1194 566 1255 tantae
588 1207 698 1254 rerum
721 1189 941 1272 magnitudini
964 1189 1048 1270 alqd.
1073 1194 1224 1274 21021.

307 1296 457 1360 insistere.
483 1294 601 1376 1.17,4
623 1295 711 1360 notis
727 1300 919 1376 temporum.
943 1301 973 1362 2.
987 1301 1037 1379 3,1
1065 1297 1199 1362 summis
1216 1298 1382 1379 gradibus
1445 1346 1448 1350 -

204 1421 265 1484 pro
288 1403 442 1468 insistere
465 1401 500 1466 in
524 1400 603 1485 (Cic.
628 1401 719 1482 Oaes.)

309 1508 500 1591 interponere
532 1511 659 1589 1.11,4.
691 1513 720 1574 2.
736 1511 797 1590 7,4.
821 1513 851 1574 2.
865 1513 950 1593 5113.
980 1505 1059 1592 (Cio.
1089 1510 1324 1576 tantummodo:
1349 1527 1385 1576 se

201 1617 411 1697 interponere
433 1615 506 1699 rei.)

301 1741 507 1806 praeparere.
531 1727 681 1804 21092.
705 1721 820 1788 maiori
852 1721 943 1804 operi
972 1739 1170 1803 praeparare
1201 1723 1296 1804 alqm.
1325 1742 1385 1804 pro

199 1849 397 1914 praeparare
420 1831 472 1896 ad.

306 1943 522 2020 prosternere.
547 1941 697 2018 a.114,4.
722 1936 860 2018 pedibus
883 1954 942 2018 pro
966 1936 1009 2002 ad
1030 1937 1138 2017 pedes.

307 2045 502 2109 summittere.
526 2051 556 2110 2.
570 2048 654 2125 37,4.
678 2043 785 2109 alieni.
810 2045 911 2124 (Post.
935 2042 1063 2126 Senes.)

245 2151 326 2216 Haec
348 2149 499 2214 adieetivo
520 2150 646 2231 priores
670 2169 735 2215 non
759 2168 832 2215 oum
856 2149 968 2217 dativo
991 2151 1241 2216 coniunxerunt:

307 2255 469 2325 absurdos.
494 2263 523 2322 2.
538 2262 621 2340 38,1.
639 2257 787 2340 (semela
804 2258 878 2323 Tae.
895 2257 980 2324 Anu.
1007 2263 1080 2338 129
1104 2259 1153 2323 ita
1168 2257 1291 2322 dietum
1307 2255 1382 2343 est.)

309 2365 504 2448 eopnominis.
531 2371 557 2428 l.
574 2369 622 2445 l,l
640 2363 770 2447 patriae
785 2382 873 2430 suae.
887 2364 1014 2429 discors.
1028 2371 1059 2430 2.
1073 2370 1148 2447 37,3
1172 2364 1268 2446 patri.
1286 2362 1384 2426 diver·

198 2489 262 2537 sns.
286 2477 314 2535 2.
330 2476 402 2553 75,2
428 2471 662 2552 praesentibus.
687 2473 714 2535 2.
729 2473 806 2554 802
831 2470 1034 2552 diversans,
1065 2489 1149 2551 quae
1171 2470 1246 2534 aliis
1277 2471 1383 2550 plaee-

199 2579 288 2644 bant.
311 2577 431 2643 ielitis.
456 2583 605 2661 2.110,3.
623 2577 870 2660 2.113,2.(cia
893 2578 950 2664 ad)
980 2576 1109 2642 idoneus
1133 2581 1262 2658 2.12,2.
1286 2576 1382 2661 (Caes,

199 2686 242 2751 ad
265 2691 323 2750 aut
345 2685 426 2768 dat.)
443 2705 573 2768 prorem.
600 2689 625 2750 1.
639 2690 701 2766 9,2.
724 2682 884 2749 seemtdus.
910 2689 938 2748 2.
954 2688 1037 2767 76,1.

305 2790 507 2855 Aeeusetious
530 2792 679 2872 sequitur
702 2790 790 2871 apud
804 2790 965 2858 Velleium
991 2792 1095 2857 multa
1110 2792 1226 2876 verba,
1241 2811 1324 2873 quae
1341 2793 1382 2858 ab

200 2898 332 2980 optimis
355 2898 571 2978 scriptoribus
594 2899 803 2964 intransitive
826 2908 1000 2980 ponuntur.

306 3005 478 3088 auspicari.
502 3007 641 3086 2.101,2
666 3005 804 3070 militiae
821 3003 967 3087 gradum.
991 3006 1055 3089 (ita
1077 3007 1216 3071 verbum
1239 3011 1384 3072 tantum·

199 3111 293 3176 modo
316 3131 336 3176 a
357 3112 595 3178 recentioribus
618 3112 817 3194 usurpatur.)

306 3215 416 3282 cedere.
441 3225 469 3284 2.
483 3222 560 3300 85,5
584 3217 768 3283 victoriam.

307 3323 473 3390 eorreedere.
505 3328 611 3408 1.3,2.
636 3331 665 3390 2.
681 3331 755 3407 77,2
781 3325 814 3390 12
838 3326 899 3392 hoe
922 3324 1052 3390 ioedere
1075 3325 1201 3406 placuit
1235 3324 1379 3391 Siciliam

197 3435 420 3514 Achaiamque
441 3432 597 3512 Pompeio
621 3430 808 3496 consedere.

305 3541 485 3621 rontinpere.
511 3542 607 3620 1.1,4
630 3557 700 3604 sors
725 3538 931 3620 Tyrrhenum
954 3539 1101 3619 contigit.
1127 3537 1240 3623 (Plin.)

307 3643 493 3710 descendere.
516 3649 544 3710 2.
559 3650 642 3727 54‚4.
660 3643 859 3710 descendens
876 3645 1057 3729 (Halmium
1083 3644 1277 3731 ascendens)
1290 3666 1382 3713 mon·

202 3759 268 3820 tem
292 3754 412 3819 Tifata.
437 3751 501 3817 Cic.
526 3750 622 3836 (Caes.
648 3771 697 3834 ex,
724 3751 773 3832 de,
798 3750 863 3836 ab.)

304 3861 387 3926 eniti.
412 3863 527 3940 2.95,1
553 3860 648 3940 alqm.
673 3857 763 3943 (iude
787 3879 806 3923 a
829 3858 948 3944 Livio)

304 3967 450 4033 excedere.
473 3965 562 4052 (inde
590 3986 610 4032 a
638 3966 757 4049 Livio.)
782 3972 809 4030 1.
823 3972 884 4049 9,6.
915 3965 1188 4047 1.16,1formam
1212 3967 1380 4048 propositi.

198 4079 318 4158 251,3.
344 4080 371 4140 2.
387 4081 471 4156 523.
498 4075 674 4139 humanam
699 4073 803 4137 fidem.
829 4079 858 4138 2.
873 4078 959 4156 662.
985 4075 1126 4157 21222
1151 4074 1289 4139 modum.

304 4183 483 4267 inteilepere.
508 4183 646 4264 2.114‚5
672 4181 767 4260 alqm.
793 4183 934 4264 2.116,4
957 4180 1061 4266 (Poet.
1085 4181 1181 4263 reoo.)

303 4287 448 4352 innodare
471 4290 590 4354 hostes.
615 4290 754 4371 21126
779 4307 838 4369 pro
861 4287 894 4353 iu
917 4288 1036 4354 hostes.
