3128 4846
708 331 886 390 ..421-

209 534 316 611 2719.
340 526 486 592 Velleius
509 507 670 589 translate
693 523 792 588 dixit:
829 523 1064 588 circumvolare
1087 505 1225 591 ordines,
1258 533 1286 592 2.
1300 533 1386 609 27,2.

316 634 506 717 Compescere
529 631 614 696 idem
637 635 688 696 θεῖ
700 649 738 695 ac
750 630 911 712 cohibere,
936 648 1093 696 coercere.
1118 632 1240 717 (Plaut.
1255 633 1388 700 Lucret,

205 745 321 810 Horat.
346 741 439 808 Ovid.
463 739 595 823 Tibull.)
620 738 703 804 Vell.
728 744 757 803 2.
783 744 856 820 12,6
894 739 994 803 armis
1018 757 1222 820 compescere
1246 741 1340 820 alqm.

313 847 482 929 Debelbrre
498 844 673 928 pugnando
698 846 818 911 bellum
841 845 945 927 finire,
971 844 1059 926 apud
1072 845 1254 929 Vergilium
1278 849 1386 914 solum

206 956 387 1022 iuvenitur..
399 956 480 1021 Aen.
495 960 523 1018 6.
548 958 622 1018 853.
646 953 729 1017 Vell.
753 959 783 1018 2.
807 958 881 1035 84,1
908 952 1106 1019 debellatum
1131 954 1219 1035 apud
1240 954 1385 1020 Actium.

312 1096 460 1182 Depodet.
491 1098 552 1162 hoc
582 1098 718 1162 verbum
749 1096 886 1162 Ovidius
918 1098 1006 1162 solus
1037 1096 1172 1161 videtur
1194 1115 1381 1178 usurpasse.

208 1205 356 1292 (Heroid.
377 1210 407 1270 4.
423 1210 484 1268 155
499 1203 656 1284 depuduit
678 1209 904 1286 protugusque
915 1203 1020 1284 pudor
1044 1220 1103 1267 sua
1127 1203 1221 1283 signa
1244 1205 1387 1286 reliquit.

205 1315 315 1379 Amor.
348 1317 376 1376 3.
411 1315 484 1392 ll,4
508 1316 542 1375 et
571 1327 644 1390 quae
668 1310 827 1389 depuduit
851 1311 950 1393 ferre,
964 1311 1081 1376 tulisse
1093 1309 1220 1395 pudet.)
1246 1311 1329 1378 Vell.
1354 1320 1383 1378 2.

208 1426 282 1502 733
308 1416 451 1499 depudet
474 1419 570 1499 alqm.
594 1417 679 1497 alqd.
702 1416 820 1483 facere.

313 1559 500 1625 Descendere
534 1561 569 1622 e'n
604 1580 747 1644 campum
778 1561 861 1627 Vell.
891 1567 920 1626 2.
953 1568 1038 1644 322.
1068 1567 1119 1628 θεῖ
1155 1562 1387 1644 magistratum

207 1676 329 1752 petere.
353 1667 392 1732 cf.
415 1668 531 1734 Horat.
555 1667 660 1734 Carnu.
687 1673 715 1734 3.
741 1673 825 1752 1,]1.

315 1790 460 1856 Emerere
482 1791 649 1860 idemtere
673 1793 834 1875 estquod
859 1812 991 1860 merere.
1015 1795 1121 1860 Plaut.
1145 1795 1219 1860 Aul.
1243 1798 1274 1860 4.
1300 1798 1385 1876 10‚5.

205 1901 354 1982 Propert.
384 1903 414 1965 4
448 1902 553 1980 11,61.
587 1899 759 1967 OvidArs
794 1919 854 1966 am.
888 1905 915 1966 3.
937 1905 1014 1966 409.
1038 1901 1122 1967 Vell.
1150 1907 1179 1966 2.
1214 1905 1286 1980 66,1
1313 1917 1385 1964 cum

206 2008 301 2072 ambo
313 2006 450 2072 mallent
472 2007 536 2071 sibi
547 2007 695 2073 nuntiari
719 2007 797 2088 quid
819 2007 909 2087 pessi
932 2013 1053 2091 esseut,
1077 2025 1174 2089 quam
1198 2006 1279 2086 quid
1302 2024 1385 2071 eme·

206 2113 360 2180 ruissent.
384 2113 549 2210 (Halmius
573 2113 639 2196 legi
662 2114 751 2179 vult:
777 2113 997 2199 meruissent.)

312 2235 468 2319 Emisere,
488 2239 572 2304 Vell.
596 2244 625 2302 2.
651 2244 723 2320 70,5
758 2257 831 2304 cum
854 2257 1040 2305 mucronem
1063 2238 1164 2321 gladii
1187 2238 1386 2304 admovisset

205 2347 358 2413 mamillae
376 2345 503 2412 adeum
523 2346 639 2428 locum,
663 2362 728 2426 qua
752 2364 807 2412 cor
830 2346 957 2412 emicat.
983 2345 1157 2431 (ctPlaut.
1180 2345 1254 2410 Aul.
1278 2349 1307 2410 4.
1333 2349 1388 2428 3,4

207 2472 262 2520 cor
286 2454 405 2519 emicat
427 2453 462 2518 in
485 2450 622 2538 pectus.)

311 2576 402 2643 Eniti
432 2583 483 2644 est
513 2577 638 2662 parire,
662 2583 794 2661 partum
817 2579 851 2645 in
874 2580 979 2644 lucem
1007 2579 1111 2646 edere.
1128 2577 1226 2658 Verg.
1249 2577 1330 2642 Aen.
1355 2582 1387 2641 3.

206 2692 280 2753 391.
303 2686 396 2753 Ovid
420 2687 498 2752 Met.
515 2689 617 2770 3,344
640 2685 737 2750 enixa
761 2689 928 2751 astutam
952 2685 1121 2750 intautem.
1146 2683 1229 2750 Vell.
1255 2689 1283 2749 2.
1308 2689 1381 2764 95,1

206 2810 301 2873 quem
323 2793 413 2858 intra
440 2793 580 2859 Caesaris
613 2798 749 2872 penates
785 2793 882 2858 enixa
916 2799 990 2859 erat
1020 2791 1127 2857 Livia.
1164 2795 1306 2872 2.104,1
1341 2791 1388 2856 Μ.

206 2897 364 2981 Agrippa,
389 2915 484 2980 quem
507 2903 583 2981 post
606 2902 741 2964 mortem
765 2899 933 2982 Agrippae
956 2898 1047 2964 Julia
1071 2898 1168 2964 enixa
1192 2902 1272 2963 crat.

312 3001 445 3084 Erreere,
478 3010 644 3086 praeeunte
673 3005 820 3089 Vergilio
851 3003 947 3090 (Aen.
971 3011 1001 3070 2.
1026 3011 1057 3086 4,
1081 3010 1115 3071 et
1143 3003 1222 3087 611)
1257 3008 1309 3068 θεῖ
1331 3003 1385 3068 de·

204 3118 344 3196 struere,
376 3117 534 3178 evertere
562 3111 645 3179 Vell.
671 3118 698 3177 1.
731 3115 802 3194 13,1
836 3112 923 3178 eruit
950 3111 1099 3178 funditus
1129 3112 1330 3178 Corinthum.
1354 3116 1383 3179 2.

205 3224 280 3302 30,2
304 3222 399 3284 eruta
423 3217 630 3301 Carthagine.
654 3223 682 3283 2.
708 3224 783 3301 27,2
807 3219 1052 3285 vociferabatur
1075 3218 1250 3286 eruendam
1274 3217 1389 3282 delen·

207 3323 348 3407 demque
371 3327 494 3392 orbem.

312 3446 472 3532 Imperare
494 3455 545 3515 est
556 3450 737 3534 assignare,
762 3451 956 3544 adscribere.
970 3450 1065 3517 Ovid.
1077 3451 1156 3517 Met.
1181 3454 1288 3532 2400.
1305 3447 1383 3516 ibid.

205 3559 325 3632 15‚470
356 3561 493 3621 mortem
509 3556 689 3623 senioribus
703 3557 844 3639 imputet
858 3557 961 3624 annis.
986 3556 1182 3640 Saepissime
1204 3557 1253 3622 ite
1274 3573 1390 3622 recen·

201 3663 303 3728 tiores
334 3661 419 3747 (Val.
449 3665 535 3728 Max.
568 3663 652 3730 Plin.
687 3665 761 3730 Tac.
797 3663 907 3747 Quint.
932 3663 1057 3750 Scuec.)
1093 3663 1177 3730 Vell.
1201 3669 1230 3728 2.
1255 3667 1332 3745 23,4
1355 3661 1384 3727 ε1

203 3769 276 3850 quis
299 3769 360 3835 hoc
382 3769 564 3834 rebellandi
595 3773 723 3852 tempus
747 3770 890 3852 imputat
911 3772 1168 3837 Atheniensibus
1192 3775 1253 3836 etc.

310 3873 474 3960 Jecinpere
489 3895 548 3958 pro
565 3876 774 3962 circumdare,
791 3884 969 3959 praeeunte
985 3877 1112 3961 Ouidio,
1131 3876 1278 3943 Velleius
1291 3894 1389 3941 usur·

202 3983 297 4065 pavit
320 3988 350 4048 2.
379 3987 484 4066 108‚1.
508 3983 668 4049 incinctos
691 3984 861 4066 Hercynia
883 3985 968 4052 silva
992 4003 1121 4067 compos
1144 3970 1294 4049 incolere.

309 4085 448 4153 Morcere
479 4088 563 4155 idem
595 4095 648 4156 est
678 4108 718 4156 ac
753 4097 899 4175 torpere,
935 4091 1381 4176 langue1·e.Lucret-.3,960

202 4194 298 4261 Ovio.
321 4197 429 4262 Amor.
461 4199 489 4262 1.
522 4199 617 4280 1441
650 4195 724 4263 Liv.
756 4203 807 4263 23.
830 4203 883 4264 45.
906 4198 990 4265 Vell
1026 4203 1055 4264 2.
1079 4204 1164 4281 84,1.
1186 4197 1222 4262 in
1244 4197 1302 4262 illa
1325 4194 1389 4280 (so.

202 4300 321 4388 parte)
345 4305 534 4368 marcebant
557 4303 673 4368 omnia.
