3128 4846
717 314 895 377 ..53-

220 512 372 590 peratore
383 507 539 574 vixerunt
550 513 610 573 aut
620 506 708 588 apud
720 508 869 573 Tacitum
893 507 1041 589 aliosque
1063 508 1254 591 posterioris
1277 511 1400 576 aetatis

219 615 403 696 scriptores.
427 612 480 699 (ci.
503 615 660 696 Draeger.
683 614 758 680 hist.
782 614 909 696 syntax
930 614 1091 695 praefatio
1114 635 1144 696 p.
1167 615 1289 702 XVH.)
1350 703 1364 718 ·

327 739 469 804 Pravam
499 757 578 804 vero
608 740 696 806 illius
728 740 848 805 aetatis
879 740 1145 806 consuetudinem
1169 741 1397 824 cognoscimus

220 862 261 910 ex
291 845 363 925 ipsa
391 845 607 912 declinatione
629 866 745 913 vocum
769 864 974 929 graecarum;
998 865 1073 912 nam
1095 866 1166 912 oum
1191 848 1315 929 priores
1340 865 1399 914 eas

218 952 410 1032 plerumque
444 970 549 1034 aeque
585 972 623 1018 ac
657 954 780 1019 latinae
814 955 946 1036 linguae
980 957 1081 1021 verba
1118 954 1295 1037 flecterent,
1326 959 1396 1019 tum

219 1057 418 1123 Graecorum
434 1078 523 1125 more
535 1059 791 1144 declinabantur,
804 1061 838 1125 id
854 1062 938 1142 quod
955 1062 1062 1127 elucet
1085 1080 1126 1126 ex
1148 1062 1200 1126 his
1223 1060 1396 1140 exemplis:

331 1185 555 1264 Agamemnon
578 1190 680 1270 1.1,2.
703 1185 880 1251 Alcmaeon
895 1191 922 1250 1.
936 1193 998 1269 8,3.
1023 1187 1119 1268 (apud
1147 1187 1301 1252 Cichaeo
1324 1204 1396 1251 ver·

219 1289 261 1353 ba
285 1295 406 1354 exeunt
428 1291 463 1356 in
491 1292 680 1357 ovooalem:
706 1291 917 1377 Agamemno.)
946 1293 1026 1359 Gen.
1047 1293 1250 1359 Hermiones.
1277 1297 1303 1358 1.
1331 1297 1394 1376 1,3.

217 1395 379 1476 Eupolide
402 1398 465 1462 abl
489 1400 530 1463 ab
553 1399 689 1481 Eupolis
715 1405 840 1482 1.1o‚a.
864 1401 942 1485 (Oia.
965 1400 1059 1466 Brut.
1084 1405 1166 1482 9,38.
1191 1405 1225 1465 et
1260 1400 1301 1464 ad
1323 1401 1396 1465 Att.

221 1504 270 1566 12.
285 1507 346 1586 6,3.
370 1505 501 1585 scripsit
522 1506 669 1588 Eupolis,
693 1506 745 1588 is.)
772 1513 799 1572 1.
813 1509 874 1590 6,2.
899 1507 1119 1573 Semiramide.

307 1611 516 1676 ¹Accusativi
547 1611 746 1678 Graecorum
773 1631 861 1678 more
889 1612 964 1679 flexi
988 1619 1080 1679 sunt:
1107 1619 1134 1678 1.
1147 1617 1199 1695 4,1
1227 1613 1391 1682 Chalcida.

218 1714 358 1797 (priores
375 1718 582 1803 Chalcidem.)
598 1725 624 1784 1.
639 1724 692 1802 6,4
708 1719 802 1785 Dido.
815 1720 1019 1802 (usitatiores
1031 1725 1128 1786 antea
1152 1725 1247 1786 eraut
1269 1723 1394 1785 iormae

216 1823 311 1905 Dido,
340 1823 496 1907 DidoniS,
522 1827 700 1908 Didonem.)
727 1827 1001 1909 1‚10,1Persen.

321 1932 385 1996 tria
397 1933 499 1997 verba
517 1952 635 2016 graeca
657 1933 692 1999 in
714 1933 851 2002 latinam
874 1933 1019 2016 linguam
1042 1934 1215 2000 transtulit
1237 1933 1393 2002 Velleius

216 2036 372 2118 dynastes
398 2044 426 2103 2.
440 2043 525 2122 31,1.
550 2040 743 2106 naumachia
767 2047 796 2106 2.
810 2044 894 2121 56,1.
918 2041 1109 2108 tetrarches.
1135 2043 1163 2105 2.
1177 2042 1262 2122 51,1.

322 2144 521 2211 Graecorum
532 2147 665 2228 linguae
676 2147 851 2212 imitationi
876 2167 972 2227 porro
996 2147 1188 2213 tribuendus
1213 2153 1263 2212 est
1287 2147 1392 2212 adiec-

214 2251 356 2317 tivorum
379 2255 433 2319 vel
448 2253 694 2335 participiorum
709 2274 767 2336 pro
788 2255 1004 2322 substantivis
1020 2255 1199 2335 positorum
1222 2272 1310 2320 usus.
1335 2251 1390 2337 (of.

214 2358 448 2442 Naegelsbach.
482 2360 556 2426 Lat.
592 2361 663 2428 Stil.
696 2359 794 2446 §tta
832 2366 967 2428 exstant
1004 2361 1092 2441 apud
1123 2360 1283 2426 Velleium
1306 2361 1387 2424 haec

114 2550 116 2556 Ι
215 2466 379 2532 adiectiva
392 2473 424 2532 ot
446 2465 622 2548 participia
645 2469 814 2534 masculini
838 2469 969 2552 generis
993 2468 1153 2550 singulari
1178 2485 1311 2532 numero
1334 2485 1389 2546 po·

212 2573 292 2639 sita:
312 2572 439 2658 (omitto
455 2574 630 2640 usitatiora
645 2575 704 2641 illa
726 2581 778 2642 ut:
802 2577 957 2658 aequalis,
982 2577 1096 2657 bonus,
1120 2573 1301 2656 familiaris,
1326 2573 1392 2654 pri-

212 2684 320 2764 vatus,
351 2699 480 2764 parens,
512 2681 715 2763 candidatus,
746 2680 801 2764 al.)
826 2683 967 2767 humilis,
992 2683 1146 2746 humilior
1170 2683 1318 2763 2.126,3.
1342 2680 1391 2744 in·

215 2787 313 2852 ermis
337 2793 366 2852 2.
379 2792 464 2870 80,4.
480 2792 627 2853 mortuus
644 2793 672 2854 2.
686 2792 771 2870 21,4.
786 2789 882 2855 vivus
906 2791 935 2853 2.
948 2793 1034 2871 21,4.
1057 2792 1212 2868 expertus
1237 2790 1265 2850 2.
1281 2791 1389 2870 118,1.

214 2898 370 2960 evocatus
393 2899 422 2959 2.
436 2899 510 2976 toa
535 2898 569 2960 et
594 2900 621 2960 3.
645 2898 761 2974 potens
786 2897 814 2961 2.
830 2898 934 2977 126,3.
958 2894 1104 2960 scribens
1128 2900 1156 2959 2.
1171 2899 1256 2977 41,1.
1279 2893 1389 2960 Parti·

215 2999 302 3082 cipia
319 3000 481 3067 Euthct.
494 3004 603 3067 autem
616 3020 790 3082 numquam
815 3008 912 3069 antea
934 3001 983 3067 ita
1007 3001 1153 3066 adhibita
1175 3000 1392 3067 inveniuntur

216 3105 270 3190 (ci.
300 3107 535 3190 Naegelsbach.
565 3108 640 3174 Lat.
670 3107 741 3174 Stil.
771 3128 801 3191 p.
826 3107 882 3192 91)
906 3107 1054 3174 Velleius
1077 3106 1162 3172 dixit
1185 3109 1324 3189 2.101,1
1350 3113 1388 3172 ut

214 3231 276 3280 neo
303 3214 511 3281 laudaturum
537 3206 657 3298 magna
688 3234 748 3282 nec
770 3214 1033 3296 vituperaturmn
1056 3213 1226 3279 mediocris
1249 3211 1388 3278 materia

217 3320 356 3387 deficiat.

318 3427 491 3494 Adiectiva
512 3428 587 3496 iem.
611 3447 683 3510 gen.
707 3435 799 3495 sunt:

317 3535 491 3606 aemulal.
507 3537 590 3617 12,6.
606 3542 635 3602 2.
652 3538 711 3620 l‚l.
723 3537 892 3610 continens
918 3540 946 3600 1.
960 3541 1021 3618 3,3.
1044 3539 1140 3616 pacta
1167 3538 1194 3599 l.
1213 3537 1273 3616 1,3.
1297 3541 1393 3618 toga·-

211 3646 248 3706 τε
273 3646 300 3707 1.
314 3646 376 3725 aa.
1434 3630 1438 3638 '

316 3748 491 3816 Adiectiva
512 3751 622 3816 neutri
657 3749 786 3832 generis
817 3749 899 3831 sing.
934 3767 1021 3814 num.
1045 3746 1132 3828 apud
1156 3765 1267 3814 omnes
1288 3749 1395 3831 scrip·

210 3859 299 3921 tores
338 3854 518 3936 invenerim
543 3853 746 3938 (plerumque
785 3875 857 3922 cum
886 3853 1182 3937 praepositionibus
1214 3855 1390 3920 coniuncta

210 3960 311 4046 sunt.)
330 3961 641 4042 frequentiorainde
664 3981 684 4028 a
707 3961 812 4028 Livio.
835 3961 923 4043 apud
946 3961 1110 4026 Velleium
1133 3962 1264 4042 repperi
1286 3963 1393 4026 haec:

215 4071 246 4133 1.
262 4071 334 4150 17,2
352 4069 529 4134 inventum.
543 4075 572 4135 2.
586 4074 661 4152 32,5
673 4074 812 4151 raptum.
825 4075 856 4134 2.
870 4073 953 4151 16,2.
977 4069 1006 4131 2.
1020 4070 1097 4149 23,4
1119 4083 1244 4132 verum.
1269 4073 1297 4132 2.
1311 4071 1384 4149 68,1

205 4175 430 4256 praeteritum.
458 4179 484 4240 1.
497 4178 562 4260 8,2.
597 4178 627 4240 2.
642 4178 746 4258 123,1.
763 4174 925 4241 ludicrum
940 4175 968 4238 1.
982 4175 1066 4253 10,1.
1080 4177 1110 4235 2.
1124 4178 1207 4254 6821.
1220 4172 1386 4254 inceptum

205 4285 238 4352 2.
254 4285 308 4366 3,4
330 4288 463 4348 rectum.
509 4301 582 4348 cum
598 4281 892 4364 praepositionibus
917 4279 1091 4344 coniuncta
1115 4281 1248 4344 exstant
1270 4280 1363 4345 haec:
