3128 4846
671 274 913 343 -48-—'

267 471 373 537 Ootcro
396 471 573 557 (librigens
597 473 642 537 im
665 471 839 555 Uebrigen.
862 452 986 568 τᾶλλα.
1002 465 1042 533 τὰ
1066 464 1194 552 λοιπά).
1220 473 1339 550 2.46,2

153 585 267 646 cetera
279 581 513 647 sanctissimus.
527 585 555 645 2.
572 584 669 660 119,4
685 585 794 645 cetera
810 579 949 659 quietus.
965 577 1069 658 (Poet.
1082 576 1155 641 Liv.
1170 594 1245 640 raro
1260 575 1338 659 Cic.)

71 687 74 693 '
266 683 438 770 Ecquando
451 705 523 751 cum
549 686 708 766 particula
731 705 768 748 uo
792 685 1000 751 coniunctum
1016 684 1181 749 rarissime
1197 682 1340 747 inveniri

154 794 307 876 Draeger
329 794 506 858 confirmat.
538 792 629 876 (hieu
653 792 780 874 Syntax
804 792 830 857 Ι.
853 813 883 874 p.
908 789 988 876 318)
1028 790 1111 855 Vell.
1148 794 1266 872 2.14,2
1290 807 1341 854 cc·

158 900 337 980 quandoue
359 900 497 965 similem
521 901 583 964 mei
606 897 709 965 civem
733 901 866 965 habebit
887 917 942 964 res
964 896 1116 978 publica?

268 1003 313 1068 Et
334 1027 393 1087 pro
407 1007 506 1071 etiam
529 1012 638 1071 exstat
665 1013 694 1099 1..
705 1011 767 1089 2,4.
791 1024 829 1072 ea
852 1010 1047 1087 tempestate
1064 1009 1098 1070 et
1114 1004 1213 1085 Tyria
1226 1005 1341 1070 classis

153 1112 263 1178 ‘Gadis
294 1113 447 1178 condidit.
474 1119 500 1179 1.
513 1119 567 1196 4,3
593 1133 666 1178 nam
703 1120 736 1178 et
758 1115 855 1178 Iones
879 1111 1017 1194 profecti
1044 1111 1183 1176 Athenis
1213 1116 1339 1190 partem

160 1221 302 1302 regionis
323 1220 506 1285 maritimae
530 1239 731 1301 occuparere.
759 1223 851 1304 1.9,2
880 1223 1005 1300 l.18‚l.
1030 1225 1057 1283 2.
1072 1222 1134 1302 9,4.
1158 1218 1283 1283 celebre
1307 1221 1341 1280 et

162 1327 285 1392 Lucilii
308 1346 423 1393 nomeu
447 1326 519 1392 fuit.
544 1333 661 1410 2.65,1.
686 1334 835 1410 2.111,1.
860 1331 889 1392 2.
904 1331 1009 1412 1123.
1033 1324 1178 1411 (saepius
1201 1326 1249 1390 ita
1268 1343 1341 1406 par-

159 1433 266 1500 vticula
288 1434 339 1499 usi
363 1440 440 1500 sunt
463 1434 579 1500 Livius
603 1440 636 1500 et
657 1433 878 1518 recentiores.)

270 1547 369 1623 otpru
386 1560 490 1621 neque
514 1541 548 1606 in
565 1543 734 1607 enuntiato
751 1543 903 1624 negativo
920 1541 1004 1606 dixit
1019 1541 1166 1608 Velleius
1191 1542 1218 1603 2.
1235 1542 1341 1619 lusu.

271 1648 490 1714 Maroboduus
521 1667 586 1712 non
616 1649 865 1715 tumultuarium
894 1666 997 1728 neque
1026 1645 1197 1712 fortuitum
1237 1662 1342 1727 neque

156 1752 312 1820 mobilem
335 1759 363 1816 ct
386 1772 427 1818 ex
448 1755 620 1820 voluntate
643 1757 829 1836 parentium
845 1761 1048 1820 constantem
1065 1754 1239 1834 occupavit
1253 1753 1342 1834 prin·

162 1861 319 1942 cipetum.
871 1911 878 1920 .

270 1972 298 2030 ct
321 1966 451 2046 saepius
476 1985 572 2047 quarn
595 1968 683 2049 apud
697 1969 822 2049 priores
845 1968 1094 2034 transitionibus
1118 1968 1237 2050 servit;
1262 1985 1340 2031 non-

157 2091 339 2152 numquam
353 2080 461 2138 autem
484 2093 556 2140 cum
572 2075 606 2141 vi
623 2075 761 2156 quadam
776 2094 834 2156 pro
850 2095 883 2138 rc
898 2095 979 2158 cero,
1000 2078 1148 2158 profecto,
1170 2074 1340 2155 similibus,

162 2181 307 2262 positum
331 2185 390 2246 est.
415 2178 455 2245 cl.
480 2187 508 2246 2.
521 2187 584 2264 4,2.
610 2189 638 2246 2.
652 2188 713 2266 5,2.
739 2186 854 2263 2.58,4.
878 2188 937 2248 etc.

270 2284 379 2370 ltaque
407 2288 601 2366 particulam
632 2288 708 2354 inde
737 2308 757 2353 a
787 2289 882 2354 Livio
911 2289 1042 2370 saepius
1071 2289 1213 2356 secundo
1245 2293 1343 2367 atque

156 2393 262 2458 tertio
285 2393 354 2458 loco
379 2395 542 2459 enuntiati
565 2395 705 2475 positam
729 2396 887 2461 iuvenies.
911 2396 1086 2461 secundum
1120 2396 1224 2461 locum
1256 2393 1344 2474 apud

163 2499 246 2565 Veh.
269 2504 360 2565 tenet
385 2503 512 2582 aeus.
537 2505 663 2583 seua
688 2509 716 2567 s.
732 2509 815 2585 eos.
840 2505 868 2567 a.
884 2508 989 2586 111‚4.
1014 2509 1042 2568 2.
1058 2506 1163 2584 rrae.

271 2603 347 2670 Mooc
362 2607 506 2672 Velleius
530 2610 715 2690 aequalium
730 2611 913 2691 exemplum
928 2615 1061 2676 secutus
1077 2609 1268 2690 saepissime
1284 2627 1342 2689 pro

159 2711 284 2778 deinde
307 2713 427 2794 posuit.
453 2717 556 2798 1.1,2.
583 2719 686 2799 l.4,4.
711 2723 739 2781 2.
755 2720 816 2798 7,2.
841 2720 968 2798 2.14,3.
992 2725 1052 2781 etc.

272 2820 376 2899 primo
400 2857 443 2865 —
467 2840 550 2887 mox.
575 2827 603 2887 2.
619 2828 700 2887 30.5.
724 2828 851 2906 2.55,1.
877 2826 1003 2906 naal.
1028 2829 1178 2906 2.118,3.

273 2925 429 3007 prior-
453 2945 536 2992 mox.
560 2933 589 2992 2.
603 2934 687 3010 37,3.

275 3028 417 3115 Namque
440 3039 474 3098 et
505 3035 612 3097 oronim
635 3036 828 3120 particulae,
853 3042 891 3102 ut
912 3055 987 3101 raro
1018 3038 1058 3102 ab
1082 3056 1201 3104 aureae
1224 3036 1344 3103 aetatis

159 3136 381 3218 scriptoribus
406 3146 583 3220 usurpatae
606 3149 699 3226 sunt,
723 3143 772 3207 ita
795 3143 882 3223 apud
905 3143 1067 3208 Velleium
1079 3145 1178 3210 semel
1199 3149 1344 3210 exstant.

161 3249 197 3310 2.
211 3249 296 3326 86,3.
320 3243 486 3331 (namque)
511 3252 660 3331 21023.
684 3247 840 3335 (etenim.)

275 3348 324 3414 No
339 3352 502 3432 particula
518 3355 683 3422 rarissime
699 3361 811 3437 partes
834 3357 1101 3440 interrogationis
1126 3357 1343 3424 disiunctivae

166 3457 255 3522 inter
279 3476 314 3522 se
337 3459 483 3541 copulat;
513 3461 563 3526 bis
588 3462 674 3543 apud
699 3463 862 3529 Velleium
877 3465 924 3529 ita
946 3464 1126 3529 adhibitam
1150 3465 1343 3531 invenimus.

169 3570 198 3628 2.
211 3566 286 3640 40,1
322 3571 435 3631 secuta
474 3566 591 3634 deiude
626 3569 681 3634 Cn.
704 3571 838 3651 Pompei
861 3571 985 3653 militia,
1021 3572 1145 3654 gloriae
1180 3572 1344 3637 laborisne

168 3669 301 3735 maioris
342 3671 501 3738 incertum
543 3679 602 3739 est.
638 3681 666 3740 2.
681 3681 752 3741 923
789 3696 846 3758 per
881 3678 1136 3758 quinquennium
1171 3677 1345 3745 diiudicari

161 3795 235 3842 non
264 3777 372 3857 potnit
401 3779 558 3862 Hispanis
581 3781 780 3849 Romanisue
810 3784 845 3849 in
868 3785 967 3850 armis
1001 3786 1074 3866 plus
1098 3790 1186 3851 esset
1209 3785 1344 3850 roboris

276 3879 431 3967 Perquom
449 3884 489 3971 (=
511 3888 597 3970 sehr,
614 3908 675 3972 gar
690 3888 791 3974 sehr),
810 3908 894 3971 quae
909 3877 1074 3972 particula
1090 3909 1156 3956 non
1168 3893 1344 3958 multorum

168 3988 362 4070 scriptorum
390 3991 425 4056 in
449 4011 511 4058 usu
534 3999 595 4078 est,
629 3996 774 4062 Velleius
797 3997 927 4078 saepius
951 3998 1109 4066 adhibuit
1133 4006 1162 4065 2.
1176 4002 1249 4080 31,1
1274 4017 1345 4080 per-

168 4113 267 4176 quam
289 4096 500 4164 landabther
522 4100 639 4167 iurare.
664 4108 693 4167 2.
709 4106 784 4184 96,2
808 4104 1096 4186 bellumperquam
1121 4106 1265 4172 vicinum
1287 4105 1345 4169 im-

163 4201 315 4269 minebat
327 4203 454 4272 Itahae.
479 4211 507 4273 2.
523 4209 620 4291 tola
633 4227 790 4291 perquam
813 4211 936 4276 clerum
948 4213 1178 4294 spectaculum.
1204 4209 1343 4295 2.113,3

164 4326 326 4390 perquam
350 4311 549 4379 laboriosum
572 4314 643 4380 iter.
