3128 4846
719 299 866 360 -29.

215 471 258 538 ci.
281 479 310 540 2.
325 475 375 557 6,1
396 474 494 556 longe
506 471 734 553 praestantior.
758 477 787 540 2.
805 475 867 555 6,2.
891 475 920 537 2.
932 477 1018 556 4o,e.
1039 459 1070 538 Ι2.
1084 478 1169 558 45,5.
1182 474 1277 556 longe
1293 475 1397 539 maxi-

216 599 291 646 mus
315 585 344 646 2.
360 585 466 663 119,4.
490 579 629 662 saepius,

218 755 224 764 .
325 705 504 786 Aduerbio,
518 723 601 785 quae
614 703 701 785 apud
716 702 879 782 Velleium
892 704 1031 786 primum
1045 709 1187 790 exstant,
1205 709 1282 770 sunt
1297 706 1395 788 haee

325 808 423 874 Furto
452 829 510 892 pro
542 809 665 876 furtim.
690 813 718 875 2.
737 813 810 894 63‚l
844 809 932 875 lutto
964 815 1093 876 oreatus
1116 810 1272 891 pontifex.
1296 810 1393 896 (Plio.

216 925 237 984 8
259 923 335 1000 46‚1
360 919 508 1000 hyaenae
532 935 649 998 parere
672 916 786 984 furtim
810 914 971 998 cupiunt.)

324 1041 484 1108 Honorote
513 1042 598 1108 Adv.
630 1044 671 1108 ab
703 1043 883 1108 honoratus
917 1045 946 1107 2.
980 1043 1076 1118 1293
1109 1061 1205 1123 quam
1234 1043 1326 1108 illum
1355 1049 1397 1108 ut

213 1151 372 1217 honorate
399 1151 447 1216 sic
471 1167 585 1216 secure
607 1149 762 1215 continet.
786 1150 875 1234 (Tac.
898 1150 974 1214 hist.
998 1155 1071 1216 4.63
1106 1150 1264 1217 honorate
1298 1150 1394 1230 alqm.

213 1258 386 1323 custodire.
410 1256 481 1324 Val.
505 1257 591 1322 Max.
617 1263 645 1322 2.
661 1263 711 1322 10.
734 1277 765 1322 n.
790 1255 833 1341 2.)

276 1459 284 1472 ,
323 1362 463 1446 infacete
499 1372 550 1430 est
584 1363 713 1430 minime
747 1363 866 1448 facete,
902 1365 1027 1430 insulse
1061 1371 1090 1430 2.
1113 1369 1188 1448 33,4
1219 1364 1394 1429 Lucullum

212 1473 303 1539 haud
348 1471 490 1538 infacete
532 1473 674 1554 Magnus
711 1472 886 1552 Pompeius
908 1472 1043 1536 Xerxen
1083 1474 1233 1553 togatum
1270 1489 1392 1536 vocare

212 1584 416 1646 assueverat.

320 1702 447 1769 Privato
483 1711 512 1770 2.
526 1709 602 1788 eat
634 1723 693 1786 pro
718 1703 880 1784 privatim.
925 1703 1099 1770 convenire
1129 1703 1225 1783 alqm:
1256 1703 1395 1782 privato.

212 1810 356 1898 (privato
388 1815 488 1878 semel
518 1811 743 1878 tantummodo
766 1811 931 1892 reperitur
953 1811 1025 1876 Liv.
1049 1809 1167 1892 fragm.
1190 1809 1277 1890 apud
1302 1810 1389 1874 Pris-

210 1921 294 1987 cian.
321 1925 369 1986 15.
393 1941 423 2002 p.
450 1926 544 1985 1009.
567 1921 696 2002 privato
720 1938 780 1985 nos
803 1919 975 1996 tenuisse.)

320 2047 429 2109 l'eccore
451 2045 535 2111 Λᾶν.
558 2063 735 2110 aseourus.
760 2047 787 2108 2.
804 2049 908 2124 leae.
932 2043 1045 2108 eadem
1068 2041 1305 2125 significatione
1335 2059 1395 2106 ex-

211 2157 279 2218 stat
291 2153 377 2234 apud
386 2153 459 2218 Val.
471 2152 557 2217 Max.
574 2157 605 2217 4.
618 2159 648 2216 7.
662 2171 693 2216 n.
712 2155 739 2216 1.
752 2156 889 2216 externa
902 2149 991 2215 Suet.
1016 2149 1086 2214 Tib.
1105 2154 1156 2214 20.
1171 2149 1255 2213 Plin.
1273 2150 1391 2231 35‚e,a.

323 2256 584 2342 Terpooersanor
606 2249 711 2342 (ἅπαξ
730 2251 926 2340 λεγόμενον)
952 2262 979 2320 1.
1004 2261 1056 2338 9,3
1080 2255 1117 2320 L.
1132 2255 1292 2320 Aemilius
1307 2257 1395 2321 Pau·

210 2365 272 2449 lus,
290 2366 346 2447 qui
370 2366 410 2431 ad
435 2366 564 2431 Cannas
589 2384 684 2445 quam
708 2365 985 2446 tergisversanter
1007 2363 1224 2443 perniciosam
1247 2381 1390 2445 pugnam

211 2472 341 2556 inierat,
374 2479 441 2538 tam
477 2472 607 2539 fortiter
639 2473 675 2538 in
699 2491 738 2538 ea
761 2479 897 2538 mortem
914 2471 1049 2536 obierat.
1074 2469 1301 2554 (terpisrersarc'
1322 2488 1393 2534 sac-

209 2582 285 2662 pius
309 2581 478 2647 invenitur
500 2580 588 2660 apud
610 2579 674 2645 Cic.
698 2580 771 2645 Liv.
796 2575 901 2661 alios)

327 2704 435 2790 Verbo,
454 2724 537 2787 quae
546 2705 632 2787 apud
639 2705 799 2771 Velleium
808 2703 947 2786 primum
963 2701 1186 2784 inveniuntur,
1204 2708 1282 2766 sunt
1294 2703 1383 2765 haec:

317 2814 491 2877 Auctorem
507 2818 557 2878 est
572 2813 730 2895 obligare,
747 2809 888 2877 vendere
911 2809 983 2873 alei.
997 2807 1168 2888 speciatim
1184 2807 1390 2889 gladiatores

213 2923 385 2985 auctorare
416 2937 451 2984 se
483 2919 682 2984 dicebantur.
715 2925 743 2984 2.
768 2923 841 3000 eo,1
875 2915 1032 2982 Romanis
1056 2923 1178 2982 certam
1204 2916 1388 2994 victoriam,

209 3027 361 3107 partibus
377 3026 444 3091 suis
460 3025 633 3107 excidium,
657 3025 717 3100 sibi
742 3024 964 3104 turpissimam
989 3035 1125 3088 mortem
1148 3023 1289 3104 pessimo
1314 3040 1391 3086 auo-

210 3134 334 3200 toravit
356 3132 510 3199 facinore.

320 3257 591 3342 Circumnooo‘porc
622 3247 726 3342 (ἅπαξ
753 3251 949 3339 λεγόμενον)
980 3259 1031 3320 est
1061 3255 1148 3319 circa
1170 3254 1335 3335 navigare
1360 3259 1389 3319 2.

210 3372 307 3450 106,3
332 3367 445 3434 elassis
470 3385 553 3447 quae
576 3363 698 3431 Oceani
721 3363 1061 3445 circumnavigaverat
1083 3362 1182 3427 sinus.

316 3491 509 3576 Dispunpero
524 3499 601 3558 ante
625 3490 786 3556 Velleium
811 3490 966 3570 seriptum
983 3506 1049 3553 non
1064 3486 1243 3569 invenitur,
1269 3505 1384 3567 quam·

208 3620 306 3683 quam
325 3619 389 3666 non
406 3600 538 3668 dubium
553 3604 613 3683 est,
630 3599 711 3680 quin
734 3603 831 3663 antea
854 3597 888 3660 in
912 3614 974 3661 usu
998 3593 1109 3660 inerit.
1137 3597 1164 3658 1.
1179 3599 1253 3676 13,3
1280 3610 1388 3674 neque

207 3709 295 3776 enim
318 3707 488 3788 quisquam
512 3707 573 3772 hoo
596 3706 747 3787 Scipione
771 3703 955 3788 elegantius
979 3703 1156 3768 intervalla
1178 3699 1386 3782 negotiorum

207 3816 273 3881 otio
305 3814 483 3896 dispunxit.
514 3813 553 3879 ei.
585 3814 697 3880 Senec.
720 3812 846 3886 Brevit.
870 3810 929 3877 vit.
957 3817 973 3874 7
1011 3809 1170 3890 dispungc
1195 3813 1229 3874 et
1252 3825 1387 3872 recense

206 3923 300 3990 vitae
322 3927 401 3988 tuae
426 3903 506 3986 dies}

315 4045 494 4112 Examnare
522 4050 573 4111 est
604 4064 696 4110 arma
728 4045 910 4126 detrahere,
943 4041 1042 4108 armis
1077 4039 1216 4122 spoliare
1255 4043 1283 4102 2.
1310 4037 1383 4118 17‚t

204 4155 346 4225 Romani
373 4155 471 4222 vietis
502 4153 707 4235 adflictisque
746 4153 811 4234 ipsi
841 4149 1000 4218 exarmati
1031 4165 1129 4229 quam
1159 4144 1280 4226 integri
1315 4144 1386 4239 uni-

208 4262 316 4328 versis
340 4263 507 4328 civitatem
532 4259 610 4325 dare
633 4261 827 4326 maluerant.
852 4263 881 4325 2.
895 4260 968 4340 2543
1003 4255 1116 4320 consul
1139 4257 1335 4318 exarmatus
