3128 4846
679 248 849 309 ..24-

164 444 193 506 2.
218 445 293 524 94,4
322 441 350 506 si
374 439 428 503 illa
450 441 594 504 maiestas
617 440 748 522 privata
770 458 923 522 umquam
947 437 1057 504 tuerit
1082 441 1111 503 2.
1145 441 1240 521 1288
1265 455 1345 518 pace

164 548 334 612 maiestatis
365 547 435 613 eius
465 547 611 613 dixerim.
643 550 671 612 2.
705 550 779 630 eal
812 565 898 612 mors
931 545 1047 610 deinde
1077 544 1257 626 Agrippae,
1289 543 1344 624 qui

163 660 325 722 mactatam
362 672 453 719 suam
491 654 603 720 multis
633 655 731 722 robus
762 655 1003 736 nobilitaverat,
1036 651 1181 718 admovit
1212 651 1344 732 propius

163 761 323 827 Neronem
364 761 492 826 Caesari.
521 764 550 826 2.
584 763 680 844 1292
705 762 822 841 quibus
845 762 999 850 icamiam
1022 759 1093 824 eius
1128 757 1345 840 exaggeravit

161 868 352 934 honoribusl
389 869 417 932 2.
454 869 550 950 loa,1
587 885 682 948 quem
716 867 820 935 veluti
854 867 1090 932 moderatorem
1123 865 1261 930 iaceama
1284 863 1344 930 filii

166 974 219 1039 sui
242 975 413 1055 Augustus
438 991 511 1038 esse
535 974 694 1040 voluerat.
768 984 770 989 ’

273 1097 399 1179 Saepius
423 1115 531 1162 rerum
566 1099 745 1178 qualitates
774 1098 886 1163 eodem
909 1097 1003 1162 modo
1026 1115 1086 1178 per
1109 1115 1144 1162 se
1169 1103 1344 1176 ponuntur.

169 1207 195 1272 1.
228 1211 280 1287 9,6
308 1205 404 1270 Pauli
432 1205 617 1286 triumphus
646 1206 788 1270 omnium
812 1212 889 1269 ante
913 1210 1059 1269 actorum
1086 1203 1345 1286 comparationem

167 1311 382 1393 amplitudine
399 1311 487 1376 vicit.
513 1319 545 1376 2.
570 1313 644 1396 27,6
668 1311 847 1381 felicitatem
870 1310 932 1374 dici
955 1311 1047 1377 Sulla
1069 1314 1232 1393 perpetua
1253 1308 1345 1373 ludo·

164 1435 237 1484 rum
253 1419 444 1500 circensium
460 1417 634 1484 honoravit
656 1419 819 1484 memoria
845 1424 872 1484 2.
898 1421 973 1499 eo,3
997 1417 1227 1495 factimrtioacm
1250 1415 1345 1480 itine-

167 1525 213 1591 ris
232 1525 303 1590 eius
319 1524 521 1604 aliquamdiu
544 1531 671 1590 morata
695 1537 745 1590 est
768 1525 924 1592 Massilia.
949 1527 977 1590 2.
1003 1527 1075 1606 721
1101 1523 1256 1586 amrium
1278 1521 1345 1588 fac·

165 1633 202 1698 ti.
233 1634 260 1696 l.
287 1634 359 1714 11,1
384 1631 683 1712 Pseudophilippus
707 1629 908 1696 emendacio
931 1632 1105 1696 simulatae
1129 1629 1266 1712 originis
1290 1647 1345 1709 ap·

165 1739 316 1820 pelletns.
346 1736 400 1823 (ci.
424 1739 498 1805 Tac.
530 1738 615 1803 Ann.
647 1741 742 1819 15,3s
764 1737 851 1821 ignis
874 1743 974 1804 vento
997 1738 1084 1803 citus
1107 1734 1346 1820 longitudinem

166 1844 244 1910 circi
279 1843 444 1926 corripuit.
475 1843 546 1909 Liv.
576 1845 673 1925 2812
703 1845 795 1908 illum
826 1844 969 1924 equitem
997 1861 1055 1908 sex
1082 1842 1209 1907 dierum
1238 1842 1345 1922 spatio

166 1949 401 2017 transcurrisse
422 1950 660 2031 longitudinem
684 1948 827 2034 Italiae.)

647 2149 787 2261 caput
818 2142 869 2238 Π.

276 2341 441 2408 Orationis
464 2360 582 2424 genere
598 2341 633 2405 in
656 2340 844 2407 universum
864 2342 1034 2425 explicato,
1060 2342 1211 2424 deinceps
1235 2345 1348 2410 viden·

167 2451 243 2516 dum
267 2453 326 2532 est,
351 2449 469 2528 quibus
492 2449 601 2514 verbis
624 2449 748 2529 primus
772 2449 816 2513 sit
839 2467 917 2514 usus
945 2449 1098 2515 Velleius.

275 2556 417 2637 Repperi
442 2561 551 2620 autem
574 2557 654 2620 haec
677 2555 896 2622 substantiva:

276 2678 507 2744 Consummatio
545 2700 603 2762 pro
637 2680 850 2764 permotione,
876 2682 1079 2748 absolutionc
1108 2686 1135 2748 2.
1172 2687 1273 2767 116,4
1318 2684 1349 2751 Α

166 2787 314 2853 Licinius
341 2788 449 2853 Nerva
472 2786 614 2852 Silianus
638 2787 912 2854 consummatione
942 2794 1073 2856 evectae
1095 2791 1130 2854 in
1153 2791 1348 2857 altissimum

168 2900 405 2978 paternumque
439 2895 608 2976 lastigium
647 2894 798 2977 imaginis
822 2894 967 2961 defectus
991 2901 1049 2962 est.
1073 2884 1184 2962 eadem
1221 2897 1348 2980 signifi-

169 3003 296 3068 catione
323 3005 432 3066 exstat
455 3002 590 3066 verbum
622 3001 709 3081 apud
733 3001 841 3066 Senec.
864 3003 990 3070 Brevit
1013 3005 1110 3069 vitae.
1137 3007 1169 3068 1.
1191 3003 1301 3087 Quint.
1326 3007 1345 3068 2

172 3111 255 3193 18,2.
280 3107 400 3175 Colum.
423 3108 517 3172 Plim.
541 3109 660 3172 ambos,

278 3230 475 3296 Ooaacrsatio
491 3237 541 3298 est
557 3232 763 3316 consuetudo,
780 3232 996 3319 familiaritas,
1014 3236 1191 3302 convictus.
1205 3239 1233 3301 2.
1251 3240 1346 3320 1023

168 3359 229 3406 nec
248 3339 352 3406 defuit
368 3340 571 3407 conversatio
587 3340 752 3404 hominum
767 3341 851 3408 vitia
865 3341 935 3408 eius
950 3343 1170 3408 assentatione
1189 3344 1347 3413 alentium

169 3446 294 3531 (Senes.
317 3448 390 3512 Tac.
415 3447 538 3532 Quint.)

276 3567 465 3648 Emendatio,
499 3576 591 3636 actus
614 3571 799 3637 exsultandi
838 3578 866 3636 2.
904 3575 1003 3657 104,4
1038 3581 1177 3641 atvero
1205 3576 1347 3645 militum

170 3682 346 3759 conspectu
368 3678 438 3743 eius
460 3678 588 3744 elicitae
604 3678 722 3760 gaudio
745 3678 906 3763 lacrimae,
928 3681 1145 3764 alacritasque
1168 3687 1202 3748 et
1226 3683 1347 3750 saluta·

169 3786 270 3850 tionis
285 3804 371 3852 nova
386 3784 544 3866 quaedam
561 3785 735 3851 exsultatio
748 3783 801 3870 (cf.
816 3786 900 3852 Plin.
913 3793 942 3852 8.
959 3790 1048 3872 80,1.
1065 3788 1175 3872 Quint.
1193 3796 1222 3856 2.
1235 3787 1346 3875 2,12.).

282 3889 445 3956 Ordinatio
474 3910 532 3972 pro
560 3891 787 3976 dispositione,
820 3893 1056 3962 distributione.
1082 3899 1110 3962 2.
1142 3900 1242 3981 124,3
1271 3901 1347 3977 post

171 3999 312 4064 reditum
340 3999 428 4066 caelo
451 4004 577 4080 patrem
600 3999 740 4082 primum
765 3998 993 4080 principalium
1020 4003 1090 4068 eius
1124 4021 1258 4084 operum
1281 4001 1346 4070 fuit

172 4106 346 4172 ordiniatio
362 4106 565 4172 comitiorum
580 4105 678 4180 (Plim.
695 4124 734 4186 ep
751 4111 782 4174 9.
793 4108 845 4172 28.
868 4107 955 4174 Suet.
971 4107 1055 4190 Aug.
1081 4112 1132 4177 31.
1148 4110 1242 4178 Nero.
1267 4110 1345 4194 48).

280 4210 424 4288 Patratio
450 4218 501 4280 est
517 4211 657 4296 effectio,
678 4210 833 4294 perfectio
850 4213 929 4298 alojs
937 4213 994 4280 rei.
1008 4217 1037 4280 2.
1055 4219 1134 4298 98,2
1148 4217 1225 4282 belli
1236 4223 1345 4298 patra·
