3128 4846
673 312 847 372 -42..

167 506 228 572 dus
244 505 329 570 circa
345 513 474 570 centum
492 509 526 568 et
543 503 661 585 viginti
679 521 780 568 annos
803 503 980 567 distinctus
1003 502 1044 566 ab
1068 500 1203 566 Homeri
1226 506 1353 568 aetate.

274 629 372 713 Infra
399 629 558 710 imprimis
591 647 610 693 a
640 629 876 693 recentioribus
909 626 949 692 de
980 628 1084 709 gradu
1108 627 1236 693 dicitur.
1260 626 1352 692 Veli.

168 735 393 816 2839111115
420 753 533 801 servos
557 734 666 800 cliens,
691 739 828 816 2.120,1
867 753 901 799 se
924 733 1012 800 inira
1035 736 1170 800 aliorum
1195 734 1346 800 aestima·

167 843 272 909 tiones
296 844 405 942 metiri

274 981 367 1047 Iluro
407 985 512 1051 (licet
551 984 628 1050 Caes.
668 1003 843 1064 numquam
884 984 922 1049 de
960 989 1106 1066 tempore
1130 986 1254 1052 dicunt.
1289 983 1353 1070 (ol,

32 1084 36 1093 '
166 1091 314 1175 Draeger
329 1094 402 1158 hist.
437 1089 1347 1196 SyntaxI.p.612)Velleius2.l4,lintrapaucashoras.

168 1203 288 1279 l.16,3
330 1199 418 1264 intra
450 1200 624 1264 biennium.
654 1201 793 1280 2.1111,2
827 1199 913 1263 intra
944 1217 1064 1278 paucos
1092 1199 1162 1265 dies
1200 1203 1352 1282 atita·

165 1305 253 1370 intra
283 1306 427 1386 quinque
455 1306 531 1372 dies.
556 1307 661 1371 rarior
692 1305 845 1384 loquendi
872 1306 958 1370 ratio
987 1311 1096 1371 exstat
1131 1313 1156 1372 1.
1171 1313 1232 1389 5,3.
1256 1306 1354 1371 intra.

165 1413 253 1478 mille
276 1418 388 1477 natum
414 1431 494 1478 esse.
523 1413 564 1499 (=
591 1425 677 1479 etwa
700 1432 759 1478 vor
781 1412 919 1478 tausend
942 1413 1067 1478 Jahreu
1084 1416 1226 1496 geboreu
1251 1413 1346 1496 sein.)

164 1527 198 1584 et
221 1523 361 1601 2.111,4
385 1520 474 1584 intra
497 1537 533 1584 se
556 1520 674 1584 lurere.

274 1659 317 1725 Ob
352 1681 423 1746 cum
457 1662 646 1743 pronomine
683 1661 793 1726 neutri
824 1657 952 1742 generis
986 1661 1193 1727 coniunctum
1225 1662 1302 1728 inde
1325 1680 1353 1726 a,

163 1769 258 1835 Livio
294 1769 469 1835 invenitur.
493 1767 656 1853 (Draeger
694 1769 720 1832 Ι.
755 1786 784 1847 p.
821 1773 899 1851 592)
936 1768 1018 1832 Voll.
1054 1774 1194 1851 2.112,1
1232 1770 1272 1836 ob
1302 1769 1352 1834 id..

165 1879 304 1957 21152
329 1878 369 1941 ob
392 1895 440 1941 ea,

269 2015 333 2081 Per
361 2020 401 2084 ab
433 2023 607 2100 argenteae
631 2017 806 2082 latinitatis
831 2017 1049 2098 scriptoribus
1073 2019 1152 2084 solis
1176 2037 1249 2086 cum
1272 2039 1348 2102 pro-

163 2127 347 2191 nominibus
377 2130 437 2189 aut
465 2124 637 2190 adiectivis
661 2124 770 2189 neutri
794 2125 925 2205 generis
949 2125 1230 2192 substantivorum
1258 2145 1359 2194 more·

164 2233 280 2313 positis
304 2232 520 2314 coniungitur.
545 2231 627 2295 Veli.
653 2233 770 2311 2.94,3
794 2231 917 2311 perid.
942 2234 1081 2314 2.102,3
1106 2251 1165 2313 per
1188 2252 1279 2314 quae.

270 2374 392 2439 mentio
426 2392 553 2455 quoque
588 2372 737 2439 facienda
771 2378 822 2438 est
852 2375 1026 2439 locutionis
1053 2395 1112 2457 por
1135 2375 1254 2460 monio,
1292 2373 1357 2441 cui.

164 2482 323 2568 iormulae
352 2482 616 2562 exaggerationis
639 2481 734 2545 valde
759 2480 870 2545 studet
886 2481 1040 2545 Velleius.
1066 2481 1197 2565 (Livius
1220 2484 1346 2564 primus

164 2608 203 2654 ea
234 2606 312 2653 usus
337 2585 410 2672 est.)
439 2591 565 2670 2.31,1.
597 2590 625 2650 2.
640 2589 723 2668 33.1.
754 2593 782 2652 2.
798 2593 881 2669 352.
906 2594 935 2652 2.
951 2593 1039 2669 402.
1064 2595 1191 2670 atat.
1217 2597 1245 2655 2.
1262 2592 1351 2670 79,1,,

163 2697 292 2776 asae.
317 2698 466 2774 atoue.
491 2695 519 2757 2.
535 2699 639 2777 raas.
664 2697 692 2760 2.
708 2696 813 2773 rava.
839 2697 867 2759 a.
883 2700 988 2776 taos.

271 2833 369 2900 Penes
409 2837 495 2916 alqm
526 2835 634 2901 rarius
665 2836 787 2903 dicitur
810 2838 849 2902 de
882 2837 1051 2918 qualitate,
1084 2858 1170 2918 quae
1194 2840 1281 2905 inest
1311 2841 1348 2904 in.

165 2944 283 3024 aliquo.
308 2944 476 3024 (Draeger.
500 2944 526 3008 Ι.
549 2963 578 3024 p.
604 2942 682 3027 586)
708 2943 747 3008 cf.
771 2945 854 3009 Vell.
880 2947 908 3007 2.
923 2950 1006 3026 30,6.

274 3082 350 3147 Posi
370 3086 411 3149 ab
429 3085 559 3166 optimis
576 3085 789 3166 scriptoribus
812 3105 989 3167 numquam
1013 3087 1154 3152 sumitur
1177 3086 1216 3151 de
1240 3086 1348 3168 digni·

165 3197 238 3257 tate
269 3197 327 3257 aut
353 3192 457 3274 gradu
478 3191 629 3257 secundo.
653 3193 815 3275 (Draeger
837 3194 862 3257 Ι.
886 3213 916 3274 p.
941 3191 1020 3278 599)
1044 3194 1189 3259 Velleius
1213 3193 1293 3258 dicit
1317 3196 1359 3260 2...

166 3303 239 3381 99,1
266 3297 385 3363 civium
408 3304 482 3379 post
506 3317 606 3364 uuum
630 3299 912 3364 eminentissimus.

278 3437 368 3503 Ultro
392 3440 432 3506 de
447 3447 592 3522 tempore
609 3440 651 3524 (1
664 3444 745 3507 iiber
760 3442 894 3525 hinaus)
911 3447 1091 3524 argenteae·
1102 3443 1222 3509 aetatis
1244 3444 1358 3524 scrip·-

167 3552 255 3612 tores
278 3547 339 3610 soli
356 3546 518 3611 dixerunt.
542 3551 581 3612 ot.
606 3547 688 3613 Vell.
716 3551 742 3613 1.
779 3550 830 3632 2,1
856 3547 964 3613 odium
989 3548 1078 3614 ultra
1101 3557 1222 3614 metum
1239 3550 1345 3615 durat.

279 3686 390 3772 tueque,
413 3688 499 3770 quod
521 3690 653 3770 proprie
677 3693 727 3755 est
751 3688 942 3756 adverbium
966 3692 1007 3755 ab
1031 3690 1163 3771 optimis
1179 3691 1345 3772 scriptori·

168 3798 229 3862 bus
253 3795 476 3860 tantummodo
493 3796 703 3890 coniungitur
719 3815 790 3860 cum
807 3796 1008 3861 accusativis
1024 3797 1152 3862 urbium
1169 3799 1343 3878 nominum
1362 3785 1371 3800 '

167 3903 244 3968 inde
268 3921 288 3966 a
309 3902 407 3967 Livio
431 3921 503 3968 cum
537 3903 609 3968 aliis
634 3921 762 3984 quoque
785 3904 1001 3970 substantivis
1025 3905 1167 3984 ponitur.
1191 3905 1273 3970 Veli.
1298 3905 1356 3970 di·-

169 4011 214 4075 cit
239 4013 267 4073 2.
282 4012 333 4092 6,2
358 4027 462 4088 usque
485 4011 587 4090 Alpes
611 4010 779 4076 civitatem
803 4010 987 4076 extendere.

275 4150 325 4215 Ab
348 4152 547 4232 praepositio
572 4153 721 4234 sequitur
744 4153 939 4219 adiectivum
970 4153 1126 4218 immunis.
1151 4155 1268 4237 2.12,3
1301 4155 1356 4218 ab·

169 4259 315 4324 arbitriis
339 4258 435 4343 (Vell.
458 4256 556 4343 Plin.)
