3128 4846
667 258 846 316 ...Ὠ-.-

164 451 263 534 giam.
296 460 324 518 2.
341 455 415 534 56,3
447 453 483 518 in
515 467 674 514 summum
703 452 874 536 fastigium
898 449 1004 516 evehi.
1028 454 1057 513 2.
1071 453 1144 529 69,1
1170 445 1343 512 consulare

169 556 350 641 fastigium,
375 563 526 641 2.131,1.
550 554 636 642 (Val.
659 560 747 625 Max.
770 559 855 632 Pliu.
880 558 991 642 Quint.
1013 556 1175 635 Iuvenel)

179 697 181 704 ’
274 681 388 748 Globus
410 683 540 766 proprie
562 689 613 748 est
636 701 752 764 corpus
776 685 915 750 solidum
939 683 1152 760 undecunque
1167 677 1342 745 rotundum

165 787 220 873 (cf.
252 789 315 855 Cic.
339 791 413 855 Nat.
437 791 476 855 D.
502 786 609 873 218.)
634 796 667 854 et
691 788 810 854 dicitur
833 807 898 854 non
922 789 1025 854 solum
1050 786 1089 852 de
1112 786 1260 866 sphaeris
1283 789 1343 850 aut

164 897 205 961 de
236 902 326 960 terra
356 896 415 961 sed
447 894 486 960 de
519 895 666 960 omnibus
690 897 786 960 rebus
801 895 958 960 rotundis.
984 891 1038 978 (cf.
1064 893 1169 958 Plaut.
1192 893 1289 956 Poen.
1313 911 1342 956 a.

164 1013 185 1067 2
218 1003 257 1068 V.
290 1005 340 1067 35.
373 1003 468 1069 Ouid.
496 1003 573 1067 Met.
600 999 742 1087 12238.)
765 1001 913 1068 Velleius
936 1000 1029 1082 ponit
1051 1016 1109 1082 pro
1133 997 1342 1065 multitudine

165 1110 339 1175 hominum.
365 1117 391 1174 2.
408 1115 482 1191 582
507 1109 541 1174 hi
564 1127 631 1174 una
664 1129 735 1174 cum
760 1109 994 1174 coniurationis
1025 1108 1120 1188 globo
1145 1106 1342 1188 Capitolium

164 1234 379 1297 occupavere.

275 1338 501 1402 lucrementum
532 1337 652 1403 dicitnr
681 1339 842 1404 translate
876 1333 934 1420 pro
965 1341 1139 1420 augmento
1164 1337 1343 1419 dignitatis.

166 1453 198 1513 2.
213 1449 284 1523 34,3
310 1447 416 1510 omnia
440 1445 642 1510 incrementa
666 1463 725 1511 sua
749 1446 812 1510 sibi
836 1445 960 1510 debere.
985 1451 1014 1510 2.
1029 1449 1112 1525 51,3.

276 1567 446 1633 Maturitas
462 1569 583 1634 dicitur
599 1568 639 1634 de
663 1574 780 1635 exacta
802 1569 977 1651 prudentia
1001 1575 1034 1633 et
1049 1567 1177 1649 peritia.
1202 1573 1343 1648 2.125,3

167 1677 227 1743 sed
257 1677 470 1742 haecomnia
496 1675 615 1741 veteris
638 1675 845 1754 imperatoris
869 1677 1043 1740 maturitas
1067 1675 1160 1741 brevi
1183 1675 1282 1754 sopiit
1306 1693 1344 1739 ac

166 1785 312 1851 sustulit.
344 1783 383 1848 cf.
414 1784 490 1848 Tac.
521 1783 596 1846 hist.
623 1788 650 1847 l.
663 1787 714 1847 87.
748 1783 859 1848 Cicero
883 1783 976 1862 ponit
998 1784 1082 1847 hanc
1111 1799 1220 1848 vocem
1245 1799 1345 1846 sensu

165 1896 318 1956 concreto
331 1909 389 1971 pro
402 1888 511 1954 fructu
520 1894 648 1955 maturo
661 1888 828 1954 autrelert
841 1889 882 1953 ad
894 1894 1022 1970 tempus
1034 1893 1068 1954 et
1080 1894 1131 1954 est
1140 1895 1269 1968 tempus
1278 1907 1344 1952 ma-

167 2003 289 2079 turum,
298 1995 551 2076 tempestivitas
564 1995 726 2060 translate
739 1996 878 2060 sumitur
887 2013 1013 2076 quoque
1021 2013 1079 2076 pro
1093 1995 1346 2076 opportunitate.

278 2119 477 2184 Obseruantia
507 2128 567 2202 est,
592 2120 699 2200 iuquit
730 2121 852 2202 Cicero,
883 2119 1012 2186 Invent.
1041 2125 1144 2201 222,
1169 2138 1347 2201 perquam

170 2233 288 2295 aetate
311 2233 369 2293 ant
397 2227 561 2306 sapientia
585 2233 643 2292 aut
672 2229 794 2293 honore
818 2232 877 2292 aut
900 2227 1009 2307 aliqua
1032 2227 1195 2308 dignitate
1218 2236 1349 2293 antece·

167 2337 283 2402 dentes
299 2354 449 2403 veremur
465 2345 499 2400 et
519 2335 668 2418 colimus,
686 2336 773 2417 apud
784 2336 944 2402 Velleium
958 2342 1065 2400 autem
1090 2343 1141 2400 est
1153 2337 1346 2418 observatio,

169 2441 419 2508 animadversio,
444 2444 473 2507 2.
489 2444 582 2524 106,3
608 2447 790 2522 temporum
814 2443 1032 2509 observantia.

278 2565 351 2631 Pac
370 2567 566 2651 significatio
579 2572 756 2650 argenteae
769 2567 888 2632 aetatis
904 2567 1046 2649 propria,
1063 2585 1128 2648 qua
1144 2565 1349 2648 significatur

169 2676 341 2756 imperium
360 2675 542 2740 Romanum
559 2692 663 2753 neque
680 2673 818 2738 internis
834 2691 939 2755 neque
962 2675 1108 2740 externis
1121 2676 1348 2756 perturbatum

171 2783 330 2847 hostibus.
363 2784 505 2865 2,131,2
551 2779 713 2846 custodite
743 2786 884 2864 servate,
916 2781 1080 2864 protegite
1105 2782 1192 2847 hunc
1214 2785 1347 2862 statum,

170 2890 256 2954 hanc
272 2907 384 2970 paoem
397 2894 456 2954 etc.
474 2888 550 2953 Tac.
566 2889 651 2953 Anu.
671 2891 720 2952 12.
735 2889 776 2949 33
804 2889 859 2968 qui
875 2905 987 2969 pacem
1010 2895 1156 2954 nostram
1179 2889 1348 2953 timebant.

280 3012 373 3091 Quies
396 3032 454 3094 pro
479 3013 601 3078 somnio
625 3018 803 3094 usurpatur
827 3018 856 3076 2.
871 3017 942 3096 70,1
978 3013 1155 3079 manifesta
1179 3012 1350 3078 denuntia·

171 3119 261 3186 tione
284 3120 403 3200 quietis
426 3119 553 3186 terreri.

281 3241 440 3308 Securitas
468 3247 519 3308 est
546 3241 696 3310 vacuitas
720 3260 825 3309 curae.
849 3241 888 3308 cf.
913 3244 976 3310 Cic.
1000 3244 1094 3310 Tusc.
1120 3246 1195 3329 5‚14
1229 3247 1349 3312 securi·

171 3356 273 3417 tatem
305 3355 414 3416 autem
444 3368 531 3415 nuno
573 3347 701 3430 appello
731 3351 928 3416 vacuitatem
959 3351 1187 3437 aegritudinis,
1221 3354 1255 3419 in
1285 3371 1349 3434 qna

175 3458 247 3524 vita
279 3460 377 3523 beata
407 3457 514 3539 posita
546 3462 613 3538 est;
646 3457 734 3538 apud
760 3457 922 3523 Velleium
954 3461 1005 3522 est
1033 3461 1203 3544 securitas
1227 3460 1262 3526 in
1286 3480 1350 3541 qua
1432 3537 1434 3542 ,

175 3563 295 3644 aliquis
329 3569 421 3630 tutus
446 3567 497 3628 est
520 3582 540 3627 a
562 3581 606 3628 re.
631 3565 660 3629 2.
673 3568 746 3646 98,l
782 3563 935 3630 Pisonem
958 3563 1117 3646 hodieque
1141 3566 1353 3649 diligentissi-

177 3690 266 3736 mum
294 3675 393 3751 atque
417 3669 556 3735 eundem
580 3669 782 3734 lenissimum
805 3671 992 3737 securitatis
1016 3674 1160 3739 urbanae
1184 3674 1350 3740 custodem

176 3778 342 3842 habemus.
368 3782 396 3842 2.
409 3781 495 3858 89,4.
520 3781 550 3841 2.
564 3776 670 3860 118,2.
694 3781 843 3859 2.128,4.

287 3899 395 3966 Series.
427 3901 558 3983 proprie
597 3905 649 3966 est
683 3901 761 3966 ordo
794 3906 829 3967 et
851 3903 1035 3986 progressio
1059 3904 1218 3986 quaedam
1240 3923 1350 3971 rernm

175 4007 314 4073 invicem
331 4025 495 4072 aerarum.
509 4008 549 4074 ct.
562 4007 651 4074 Cart
665 4010 716 4089 3,1
743 4007 844 4074 series
867 4010 1070 4077 vinculomm
1094 4011 1176 4078 Veli
1208 4018 1237 4077 2.
1253 4014 1349 4094 icoo

174 4120 366 4181 catenarum
382 4114 495 4180 series.
506 4115 617 4180 Cicero
633 4115 695 4180 hac
707 4132 787 4181 voce
803 4117 1026 4183 tantummodo
1035 4119 1195 4184 translate
1207 4123 1259 4185 est
1271 4137 1351 4184 usus

179 4219 254 4286 Nat.
270 4223 310 4288 D.
330 4225 390 4306 1‚4.
407 4221 609 4288 admirabilis
625 4221 786 4301 quaedam
810 4223 1011 4290 continuatio
1043 4225 1208 4308 seriesque
1230 4241 1349 4292 rorum,
