3128 4846
698 259 875 320 ..36-

195 447 318 514 tudinis
338 449 627 527 causa3inbonam
651 453 760 516 autem
783 453 909 530 partem
934 448 1017 514 dixit
1052 456 1082 515 2.
1094 454 1171 529 98,4
1205 449 1378 532 principes

194 554 260 618 viri
284 554 461 620 adhortatu
483 555 640 635 principis
663 565 699 622 at
722 556 899 621 ornandam
923 557 1035 622 urbem
1059 557 1161 622 illecti
1184 561 1270 623 sunt.

300 677 433 761 imploro
455 679 588 760 ponitur
610 697 668 760 pro
691 685 869 763 praestare,
893 679 1054 761 perficere.
1080 683 1108 745 2.
1122 682 1197 763 95,3
1232 682 1376 763 inplere

193 806 366 853 censorem.
390 787 429 853 cf.
453 787 528 851 Tac.
551 786 635 852 'Ann
660 791 735 868 3,53
759 787 896 867 implere
920 787 1031 852 munia
1054 804 1123 852 sua.

299 910 461 996 imputare
491 931 548 992 pro
585 912 763 995 assignare,
796 911 980 978 adscribere
1019 915 1053 976 et
1088 915 1158 976 tere
1181 911 1215 976 in
1247 912 1365 976 malam

190 1024 318 1100 partem
351 1017 438 1099 apud
469 1024 645 1099 argenteae
673 1019 793 1084 aetatis
824 1018 999 1098 scriptores
1023 1018 1110 1082 solos
1134 1017 1310 1084 invenitur.
1335 1025 1369 1082 2,

190 1130 267 1206 23,4
297 1127 325 1190 si
337 1126 410 1206 quis
421 1127 482 1192 hoc
494 1125 673 1191 rebellandi
697 1131 826 1205 tempus
838 1125 1247 1208 imputatAtheniensibus‚
1271 1125 1364 1191 nimi-

188 1250 259 1297 rum
283 1233 356 1298 veri
378 1233 619 1312 vetustatisque
641 1232 776 1314 ignarus
801 1238 860 1298 est.

295 1336 403 1402 Νέωνα
434 1347 485 1405 est
508 1340 669 1404 translate
690 1338 817 1422 florere,
843 1339 966 1404 clarum
980 1357 1061 1404 esse.
1087 1339 1202 1422 1.17,1
1229 1339 1363 1420 subpari

187 1450 295 1512 aetate
313 1446 426 1510 nitere.
440 1452 468 1510 2.
483 1451 533 1529 9,1
560 1445 671 1510 eodem
684 1451 793 1512 tractu
816 1449 998 1527 temporum
1021 1446 1193 1511 nituerunt
1216 1451 1363 1512 oratores

188 1551 294 1632 Scipio
319 1561 379 1617 etc.

295 1641 475 1726 lt'otoreest
497 1659 642 1724 breviter
664 1663 810 1740 tangere,
835 1676 1094 1724 commemorare.
1118 1665 1235 1742 2.10,2
1272 1667 1361 1725 note·

185 1769 241 1830 tur
259 1766 423 1831 Domitiae
447 1765 588 1831 familiae
621 1762 772 1831 felicitas.
808 1765 1086 1846 a.11,30aecilae
1121 1764 1178 1851 (sc.
1201 1764 1363 1850 familiae)

186 1872 331 1938 notanda
354 1879 405 1936 est
428 1871 596 1937 claritudo.

292 1976 477 2042 Praedicare
501 1979 588 2059 apud
619 1978 806 2044 Ciceronem
837 1978 922 2042 idem
958 1985 1009 2044 est
1043 1998 1081 2045 ac
1115 1981 1359 2063 praenuntiare,

185 2087 388 2169 denuntiare,
426 2085 585 2166 indicere;
618 2086 704 2167 apud
735 2086 897 2152 Velleium
928 2086 1059 2165 proprie
1086 2091 1137 2151 est
1160 2093 1258 2152 antea
1289 2089 1361 2155 sive

183 2193 274 2274 prius
294 2193 411 2260 dicere.
424 2193 464 2260 cf.
480 2200 518 2258 ut
530 2193 751 2274 praediximus
777 2197 902 2274 1.12,1.
929 2198 1055 2276 1.15,4.
1079 2199 1108 2258 2.
1126 2197 1206 2274 122.
1230 2201 1259 2260 2.
1273 2199 1362 2277 21,4,

184 2301 323 2382 saepius,
350 2301 547 2386 praedictus·
561 2306 589 2365 2.
607 2304 710 2382 toul.

290 2403 503 2470 Praescribam
534 2407 647 2472 eadem
677 2406 805 2470 rationo
830 2411 882 2471 est
905 2411 983 2471 ante
1006 2425 1065 2472 sen
1089 2407 1181 2488 prius
1205 2409 1359 2475 scribere.

183 2519 211 2578 2.
225 2519 298 2595 21,1
324 2520 361 2579 ut
384 2513 661 2595 praescripsimus.

289 2617 492 2683 Procumbere
528 2638 592 2684 vox
630 2620 788 2700 imprimis
820 2617 923 2699 poetis
962 2619 1143 2702 familiaris,
1176 2639 1196 2686 a
1227 2621 1364 2688 Velleio.

181 2728 344 2793 translate
360 2727 508 2792 sumitur.
532 2731 651 2808 2.16,4
685 2725 841 2792 fluentem
863 2727 1191 2807 procumbentemque
1214 2747 1282 2794 rem
1305 2748 1365 2811 po·-

179 2834 249 2915 puli
275 2834 415 2899 Romani
437 2833 622 2900 restituere.

258 3021 260 3026 Ι
288 2936 453 3002 Praestare
483 2958 514 3002 se
544 2958 644 3006 aurea
676 2944 786 3006 aetate
816 2958 991 3019 numquam
1021 2940 1054 3006 in
1088 2941 1206 3006 malam
1229 2945 1358 3022 partem

180 3047 306 3114 dicitur.
341 3045 485 3112 Velleius
515 3052 625 3112 autem
658 3047 738 3112 dicit
768 3051 796 3110 2.
810 3052 885 3126 21,1
930 3064 965 3112 se
994 3047 1127 3112 dubium
1155 3047 1372 3129 mediumque

181 3153 332 3235 partibus
356 3159 533 3232 praestare.

289 3256 452 3341 Proteperc
466 3259 629 3325 translate
653 3260 975 3342 estcelare2.1oo,5
1008 3259 1188 3339 nequitiam
1212 3262 1354 3342 superci-

179 3367 223 3431 lio
236 3365 321 3430 truci
333 3369 513 3447 protegere.
527 3365 566 3431 cf.
591 3365 700 3448 Quint.
725 3372 777 3449 8,1
796 3433 799 3440 ,
815 3366 985 3448 parricidii
1009 3366 1245 3432 immanitatem
1268 3376 1371 3434 metu.

179 3473 302 3538 maiore
324 3477 506 3552 protegere.

288 3576 457 3642 Ilccurroro
478 3577 601 3659 tropice
617 3584 733 3645 exstat.
751 3586 779 3644 2.
792 3584 846 3662 4,6
876 3578 1015 3646 decessit
1038 3597 1123 3644 anno
1146 3578 1249 3646 terme
1271 3581 1360 3647 LVI.
1407 3577 1410 3588 ’

180 3685 219 3750 de
250 3703 313 3765 quo
337 3685 365 3750 si
389 3684 462 3764 quis
487 3685 643 3768 ambigat,
667 3693 816 3752 recurrat
839 3705 859 3750 a
882 3686 1022 3767 priorem
1046 3686 1365 3753 eiusconsulatum..

287 3789 421 3876 captare
452 3792 583 3873 proprie
607 3797 658 3858 est
681 3793 810 3874 signum
834 3793 1037 3873 imprimere3
1062 3785 1285 3859 inde‘variam
1301 3795 1372 3858 he·-

178 3902 234 3966 bet
249 3899 528 3980 significationem.
558 3918 616 3980 pro
640 3898 822 3985 ostendere,
846 3899 1010 3980 explicare
1022 3905 1201 3980 usurpatur
1214 3903 1371 3966 tantum·

178 4007 271 4072 modo
308 4024 329 4070 a
373 4006 617 4073 recentioribus.
681 4007 764 4073 Vell.
800 4009 948 4090 2,115,1
984 4005 1072 4087 quali
1097 4006 1246 4072 adiutore
1268 4007 1372 4088 lega--

178 4120 278 4196 toque
307 4113 411 4180 fratre
441 4131 513 4178 mco
547 4113 656 4194 Magio
690 4113 801 4180 Celere
823 4113 991 4179 Velleiano
1017 4131 1094 4179 usus
1119 4113 1171 4196 sit,
1197 4113 1372 4196 amplissi-

177 4241 300 4288 morum
324 4221 483 4286 honorum
506 4219 616 4301 signat
639 4219 800 4286 memoria.
824 4219 873 4284 ita
896 4219 1028 4300 saepius
1052 4219 1162 4302 Quint.
