3128 4846
748 273 923 334 ..(17.-

348 459 494 543 promito
519 467 668 545 2.123,3.

348 567 499 650 praefari
523 575 551 634 2.
565 557 650 653 37,4.
675 568 766 655 (inde
789 592 809 637 a
831 571 951 658 Livio)

349 680 525 758 praetexere
549 683 577 742 2.
595 682 680 758 62,3.
704 677 807 764 (Tac)

352 781 506 866 speculari
530 789 559 848 2.
574 787 681 868 naa.
773 787 775 792 “

651 1047 655 1052 ’
690 1075 829 1186 eaput
861 1067 975 1165 VHI.

707 1229 751 1297 lie
775 1231 960 1316 particulis.

350 1355 469 1420 Restat
499 1355 556 1420 illa
587 1355 735 1436 opusculi
759 1376 845 1440 pars,
869 1359 904 1424 in
928 1378 992 1439 qua
1016 1359 1055 1424 de
1078 1357 1312 1438 particularum
1336 1362 1425 1442 apud

244 1462 404 1528 Velleium
421 1480 493 1542 usu,
508 1481 525 1527 e
542 1463 661 1543 quibus
685 1465 805 1529 multas
830 1464 895 1530 alia
919 1475 953 1531 et
976 1465 1103 1530 ratione
1128 1470 1163 1530 et
1185 1465 1423 1548 significatione

244 1579 343 1649 atque
371 1567 457 1648 apud
481 1587 600 1634 aureae
624 1570 802 1636 latinitatis
826 1572 1001 1653 scriptores
1025 1591 1045 1637 a
1068 1573 1303 1638 recentioribus
1327 1592 1424 1639 usur.

243 1691 339 1758 patas
363 1695 445 1759 esse,
469 1676 534 1742 iam
558 1697 657 1758 supra
680 1677 758 1760 dixi,
781 1681 882 1744 verba
906 1688 983 1745 sunt
1005 1678 1162 1745 facienda.

351 1783 423 1866 Qua
458 1803 585 1864 quoque
619 1785 653 1849 in
676 1804 713 1850 re
742 1785 898 1866 optimum
929 1803 1002 1851 esse
1032 1791 1111 1867 puto
1143 1785 1291 1868 singulas
1321 1783 1424 1866 parti·

242 1893 343 1974 culas,
369 1910 451 1972 quae
474 1892 666 1956 tractandae
691 1896 777 1973 sunt,
814 1911 855 1959 ex
897 1893 1065 1959 literarum
1096 1894 1275 1959 initialium
1302 1890 1417 1956 ordine

243 2017 444 2065 enumerare.

350 2105 436 2168 Adeo
458 2124 529 2188 aaa,
553 2112 587 2166 at
611 2123 669 2185 pro
696 2109 825 2170 tantum
848 2108 942 2170 abest
957 2112 995 2170 ut
1017 2112 1115 2172 -ut
1139 2107 1218 2180 (Cic.
1236 2102 1329 2188 uas.)
1346 2122 1421 2186 pro-

242 2214 347 2293 prium
372 2221 422 2278 est
446 2220 621 2294 argenteae
634 2212 818 2277 latinitatis.
844 2219 871 2278 2.
887 2218 962 2295 66,4
991 2211 1110 2278 lamam
1124 2233 1199 2278 vcro
1216 2211 1419 2295 gloriamque

240 2320 401 2386 factorum
425 2327 523 2400 atque
548 2318 706 2383 dictorum
731 2318 810 2384 adeo
835 2338 897 2384 uon
930 2320 1097 2384 abstulisti
1128 2327 1164 2383 ut
1192 2320 1331 2384 auxeris.
1364 2318 1423 2402 (of.

241 2428 316 2493 Tac.
339 2429 424 2492 Amr.
450 2424 547 2509 6,15.)
1371 2427 1373 2432 “

347 2534 423 2599 huic
446 2534 600 2598 locutioni
623 2532 789 2599 simillima
812 2539 863 2598 est
884 2533 943 2598 illa
967 2540 995 2599 2.
1010 2539 1080 2616 67,1
1108 2533 1205 2598 hums
1221 2533 1323 2598 totius
1339 2538 1422 2598 tem·

240 2637 330 2720 poris
354 2637 519 2705 torturam
543 2658 581 2703 ae
604 2639 723 2706 deflere
747 2639 867 2724 paidom
891 2641 1061 2721 quisquam
1085 2640 1166 2705 satis
1184 2641 1281 2723 digne
1298 2640 1416 2722 potuit,

240 2745 317 2810 odeo
339 2765 425 2812 nemo
448 2746 629 2827 exprimere
652 2745 762 2812 verbis
785 2751 902 2826 potest.
927 2748 982 2827 qui
1003 2765 1082 2813 usus
1100 2748 1280 2828 particulae
1294 2747 1421 2815 inveni·

240 2860 297 2920 tur
319 2852 406 2935 apud
430 2851 602 2935 Velleium,
627 2854 790 2936 Tacitum,
816 2853 978 2936 Curtium,
1003 2855 1059 2934 qui
1081 2855 1316 2934 praeeuntibus
1343 2873 1420 2918 ver·

239 2961 292 3026 bis
314 2980 352 3024 aa
375 2957 497 3044 quidem
520 2966 578 3025 aut
601 2978 715 3043 qaoque
742 2959 790 3024 ita
819 2965 1001 3041 posuerunt
1032 2958 1105 3023 odeo
1140 2961 1347 3043 particulam,
1379 2967 1421 3025 ut

240 3069 350 3151 signet
373 3073 466 3132 tento
489 3067 602 3148 magis.
626 3064 722 3151 (adeo
745 3084 811 3131 non
835 3073 928 3132 tanto
952 3067 1061 3132 minus
1085 3068 1139 3133 vel
1162 3067 1306 3148 nedum.)

347 3172 475 3257 Alioqui
496 3173 552 3238 vel
575 3173 714 3258 alioquin
739 3173 779 3257 (z
803 3183 904 3256 sonst,
937 3172 1138 3257 ausserdem)
1168 3192 1233 3238 non
1269 3173 1420 3239 invenies

239 3282 326 3364 apud
343 3280 480 3362 optimos
504 3279 688 3364 scriptores
707 3283 764 3348 sed
780 3281 855 3347 inde
873 3301 891 3345 a
907 3279 1011 3345 Livio.
1036 3280 1116 3344 Vell.
1143 3287 1171 3344 2.
1186 3285 1237 3363 7,3
1262 3279 1316 3343 vir
1333 3281 1412 3345 alio·

238 3389 293 3470 qui
319 3394 460 3453 sauctus.
485 3389 512 3450 2.
527 3392 598 3469 33,1
624 3387 746 3468 alioqui
768 3406 826 3469 per
850 3387 956 3451 omnia
980 3385 1163 3451 laudabilis¹
1189 3389 1217 3450 2.
1232 3391 1307 3469 33‚4
1331 3406 1421 3452 sum--

239 3514 313 3561 mus
337 3494 458 3574 alioqui
481 3495 542 3559 vir.

344 3599 389 3664 At
410 3601 572 3682 particula
595 3601 741 3666 Velleius
765 3619 1007 3681 nonnumquam
1031 3600 1142 3664 eadem
1160 3600 1289 3666 ratione
1305 3599 1422 3681 posuit·-

235 3727 301 3788 qua
323 3706 376 3770 sed
399 3708 576 3772 velantem
599 3707 632 3772 in
657 3709 855 3787 narratione,
880 3727 1076 3790 quarnquam
1099 3707 1230 3772 minime
1246 3726 1299 3772 res
1316 3707 1420 3772 alteri

235 3814 421 3897 opponitur,
446 3813 479 3878 id
503 3814 588 3894 quod
611 3815 769 3896 imprimis
794 3815 881 3896 apud
904 3821 1017 3898 poetas
1041 3821 1075 3881 et
1098 3825 1275 3892 argenteae
1303 3815 1420 3879 latini--

233 3923 314 3988 tatis
338 3922 513 4002 scriptores
544 3921 727 3986 invenimus
757 3921 796 3987 ci.
821 3925 849 3987 2.
864 3926 916 4006 5‚3
940 3922 993 3986 hic
1016 3920 1143 3988 virtute
1168 3939 1206 3984 ac
1230 3922 1420 3988 severitate

231 4029 322 4112 lacti,
347 4034 383 4093 at
405 4027 530 4094 Fabius
553 4027 757 4093 Aemilianus
781 4028 876 4093 Pauli
907 4029 1053 4109 exemplo
1078 4027 1305 4109 disciplinam
1337 4029 1419 4093 His·—

230 4137 331 4219 pania
372 4135 438 4200 luit
465 4133 673 4200 clarissimus.
711 4133 750 4200 cf.
782 4138 909 4219 2.32,4.
939 4137 967 4200 2.
982 4139 1066 4218 64,3.
1098 4141 1228 4218 2.87,1.
1262 4139 1418 4217 21124.

231 4243 374 4326 saepius
