3128 4846
665 271 841 332 ...40-

266 470 370 537 lereti
396 471 510 535 urbem
539 470 568 533 2.
582 468 666 548 302.
692 481 764 528 curn
777 479 925 544 praepos,
946 458 984 522 ir
1006 449 1337 522 coniunctumexstat

156 588 191 648 2.
204 583 289 664 tae.
315 584 343 644 2.
359 583 444 661 352.

261 708 427 788 penetrare
444 707 472 766 2.
487 705 548 783 5,l.
563 707 592 766 2.
605 705 691 780 40,l.
706 700 734 760 2.
747 701 833 779 47,1.
857 697 886 758 2.
902 696 1008 773 105,1.
1026 688 1238 757 intransitive
1254 681 1338 764 posi-

157 819 234 880 ·tum
256 815 307 877 est
332 812 359 874 2.
375 811 480 890 12122.
506 827 576 874 oum
601 823 750 888 praepos.
772 804 807 870 in
832 802 1045 868 coniunctum
1070 802 1098 864 2.
1114 801 1197 876 1,5,1.

263 932 614 1020 procreatrices
639 931 772 997 nuntios
809 928 944 1010 periculi
981 925 1138 992 victoriae
1172 918 1340 1004 praecedit

157 1043 306 1132 gnuntius.
320 1039 426 1126 (Poet.
438 1037 534 1125 recc.)
551 1039 614 1105 012.
628 1044 661 1104 et
674 1039 798 1104 Caestr
809 1037 937 1102 anslate
950 1031 1172 1099 tantummodo
1185 1031 1245 1095 hoc
1268 1045 1341 1092 ver·

164 1150 241 1214 burn
257 1153 383 1229 ponunt
398 1167 456 1228 pro
469 1147 605 1230 anteire,
619 1151 803 1228 praestare3
817 1145 865 1209 ita
878 1142 1024 1210 Velleius
1049 1157 1175 1222 quoque
1199 1145 1228 1203 2.
1245 1137 1339 1214 114‚1

159 1255 303 1338 gradum
326 1259 473 1320 nostrum
497 1259 555 1318 aut
578 1253 810 1334 praecedentes
834 1263 893 1317 aut
916 1255 1099 1332 sequentes,

273 1367 449 1444 respectare.
476 1362 617 1442 2.107,2
643 1359 824 1424 Caesarem.
848 1356 967 1442 (Poet.)

274 1469 375 1533 verba
407 1466 558 1530 demerere
585 1473 620 1532 et
649 1467 738 1530 silere
764 1467 1014 1531 transitivorum
1044 1483 1134 1530 more
1165 1481 1185 1527 a
1217 1461 1343 1529 Velleio

47 1651 51 1660 ‚
162 1580 326 1655 usurpata
360 1593 431 1640 esse
461 1592 501 1640 ex
525 1593 561 1640 eo
586 1575 820 1657 cognoscimus,
845 1574 930 1655 quod
952 1571 1076 1638 formae
1098 1571 1252 1653 passivae
1274 1589 1346 1652 per-

169 1682 325 1748 sonaliter
342 1682 504 1747 dicuntur.
536 1684 673 1766 21021
696 1683 749 1746 vir
772 1681 974 1747 demerendis
998 1681 1182 1746 hominibus
1206 1680 1345 1762 genitus

166 1795 199 1854 2.
215 1791 286 1872 18,1
312 1788 521 1854 Mithridates
544 1789 597 1854 vir
607 1808 713 1870 neque
725 1789 870 1854 silendus
883 1807 987 1869 neque
1003 1787 1158 1853 dicendus
1175 1787 1246 1853 sine
1259 1805 1346 1852 cura.

279 1895 318 1961 de
345 1896 527 1961 accusativi
561 1915 624 1961 usu
651 1901 822 1976 praeterea
851 1898 933 1960 haec
957 1900 1035 1960 sunt
1058 1896 1346 1977 commemoranda,

168 2002 344 2084 inquibus
375 2003 522 2068 Velleius
546 2005 587 2068 ab
612 2003 734 2084 optima
757 2003 910 2083 loquendi
933 2003 1167 2069 consuetudine
1192 2003 1348 2083 dicrepat.

170 2113 202 2173 2.
215 2113 290 2191 802
315 2115 418 2174 totam
440 2110 608 2175 victoriam
632 2117 670 2175 ut
693 2129 786 2175 suam
809 2111 1097 2192 interpretabatur.
1123 2115 1240 2192 2832
1264 2111 1350 2176 idem

170 2221 287 2298 postea
318 2217 523 2282 clementiam
557 2218 692 2282 virtoris
728 2237 786 2298 pro
818 2237 878 2282 sue
912 2219 1036 2283 virtute
1060 2213 1350 2299 interpretabatur.

176 2323 370 2407 21121212
393 2328 431 2388 ut
454 2331 586 2389 senator
609 2325 805 2406 agnoscitur.
831 2327 925 2407 2.4,7
951 2324 1056 2388 creari
1079 2325 1114 2390 in
1137 2325 1350 2390 consulatum.

281 2430 402 2495 Restat
413 2433 451 2494 ut
473 2429 654 2511 videamus,
679 2431 796 2510 quibus
819 2431 854 2495 in
877 2433 975 2496 rebus
999 2431 1135 2498 ablativi
1161 2450 1240 2498 usus
1263 2431 1353 2513 apud

176 2536 338 2602 Velleium
361 2554 381 2600 a
404 2535 549 2616 priorum
572 2537 725 2618 loquendi
747 2538 875 2602 ratione
899 2540 1081 2604 abhorreat.

284 2643 460 2708 Ablativus
485 2644 632 2724 sequitur
654 2645 735 2708 haec
758 2645 861 2710 verba
884 2645 1052 2725 simplicia.

286 2767 410 2812 morere.
436 2753 551 2832 1.10,6
577 2751 663 2831 alqm
685 2755 810 2817 senatu.
834 2749 913 2837 (012.
937 2753 977 2818 de
1000 2752 1141 2838 senatu.)

278 2855 494 2939 2211222222.
508 2862 536 2922 2.
544 2861 620 2939 34,4
633 2863 660 2923 2.
675 2862 759 2935 7126.
772 2878 845 2924 curn
857 2861 1098 2940 praepositione
1107 2864 1355 2929 ecconiunotum

176 2968 232 3029 est
246 2967 272 3028 1.
287 2966 349 3044 3,1.
373 2968 499 3048 2.,20,3.

287 3068 444 3144 oirulicare
457 3075 485 3136 2.
499 3077 574 3153 282
586 3073 737 3140 maximis
749 3074 912 3156 periculis.
936 3076 1048 3141 eodem
1072 3075 1165 3140 modo
1190 3095 1252 3158 quo
1269 3073 1358 3156 apud

179 3176 247 3243 012.
271 3176 398 3258 dicitur,
424 3195 496 3242 oum
519 3179 761 3260 praepositione
784 3183 834 3265 ab,
859 3182 1009 3248 invenies
1033 3186 1138 3266 2.4,3.
1163 3185 1191 3249 2.
1208 3186 1315 3267 laer..

290 3283 400 3350 Verba
427 3286 607 3366 composita
630 3305 702 3353 cum
725 3287 869 3354 ablativo
893 3288 1138 3372 coniunguntur
1160 3291 1257 3357 haec:

290 3387 376 3452 ubire
399 3395 428 3454 2.
442 3395 516 3474 35,5
540 3392 613 3457 vita
637 3393 727 3459 abiit.
752 3391 829 3478 (012.
854 3413 871 3459 2
894 3396 984 3475 vita.)

291 3495 452 3561 decurrere
476 3503 504 3563 2.
518 3500 570 3580 3,2
595 3499 688 3566 clivo.
712 3499 901 3585 (CaesIriv.
925 3505 985 3584 ex.)

293 3602 459 3669 deerrrrare
482 3607 511 3669 2.
525 3609 579 3687 3,4
601 3611 699 3672 recto.
723 3606 819 3692 (Plin.
843 3609 964 3694 Quint.)

294 3709 427 3795 deluere
452 3714 572 3794 1.16,4
596 3730 651 3778 ore
675 3712 849 3781 Socratico.
873 3714 952 3800 (012.
976 3718 1037 3799 ab.)

296 3815 565 3901 dejiceremus
591 3837 679 3885 saxo.
703 3818 783 3906 (012.
808 3822 868 3904 de.)

279 3923 447 3987 ·deterrere
471 3926 499 3989 2.
513 3927 565 4006 5,3
589 3928 764 4009 proposito.
789 3927 867 4014 (012.
891 3929 936 4015 a.)

298 4027 539 4124 2192221122
563 4031 690 4099 finibus.
714 4035 790 4116 (012.
814 4037 967 4119 221222.)

298 4137 397 4202 occire
420 4139 448 4203 2.
463 4139 713 4222 1221222122.
731 4139 831 4227 (Liv.)
