3128 4846
725 311 888 372 -33...

199 503 296 569 Orat.
328 506 404 586 2,16
434 504 535 570 series
567 504 833 585 disputationum.
867 507 975 572 Divin.
1007 511 1080 588 1,55
1116 507 1195 572 ordo
1220 507 1385 588 seriesque

200 628 387 676 causarum.

314 731 422 798 Status
435 735 519 801 idem
532 742 583 804 ost
595 756 633 803 ac
649 744 757 804 status
770 757 877 804 rerum
892 743 920 804 2.
937 739 1030 822 131,1
1057 739 1229 820 custodite,
1243 749 1383 820 servate,

203 843 370 924 protegite
396 843 483 908 hunc
514 849 646 910 statum.
676 847 788 927 optimi
822 847 997 928 scriptores
1029 865 1093 911 non
1123 846 1302 912 omiserunt
1332 865 1385 927 ge

206 954 271 1015 net.
293 969 407 1016 rerum

318 1071 494 1159 Tempestas
509 1078 617 1144 rarius
633 1097 652 1142 a
665 1078 829 1160 prioribus
845 1097 902 1159 pro
915 1087 1060 1159 tempore
1084 1077 1226 1160 ponitur,
1252 1077 1383 1158 saepius

207 1199 227 1246 a
249 1181 385 1248 Velleio.
420 1186 447 1248 1.
461 1187 523 1265 2,5.
557 1191 583 1250 1.
597 1191 659 1268 8,6.
684 1189 712 1247 2.
728 1189 813 1266 78,3.
837 1190 897 1251 stc.
922 1184 1309 1268 propriasignificrtiono
1330 1203 1383 1248 ex-

203 1293 282 1354 stat.
311 1292 336 1354 l.
355 1293 413 1372 l,l.
438 1293 466 1355 2.
482 1293 563 1374 75,1.
589 1295 739 1370 2.100,‘t.

305 1412 447 1478 'Tractus
463 1434 561 1496 saepe
578 1416 718 1482 sumitur
742 1437 762 1482 a
785 1419 908 1484 Velleio
933 1418 973 1483 de
997 1436 1094 1483 cursu
1118 1424 1151 1482 et
1175 1415 1280 1498 spatio
1304 1419 1384 1479 tem·

74 1581 77 1586 .
204 1521 307 1602 poris.
337 1526 463 1588 tractus
494 1525 650 1606 temporis
682 1526 735 1590 vel
763 1531 944 1606 temporum
976 1525 1123 1590 invenies
1150 1529 1177 1588 1.
1192 1527 1254 1606 6,4.
1281 1525 1383 1604 1.7,2.

208 1629 334 1710 2.15,3.
359 1631 388 1693 2.
402 1631 465 1712 9,1.
490 1633 616 1714 2.78,1.
641 1632 752 1697 eodem
776 1650 874 1697 sensu
895 1651 958 1712 quo
982 1631 1093 1698 Cicero
1117 1649 1197 1696 voce
1221 1648 1299 1695 usus
1320 1633 1381 1712 est,

205 1736 315 1816 posuit
337 1739 364 1801 1.
378 1739 432 1819 2,3
460 1739 595 1804 ultimus
610 1739 792 1820 Hispaniae
815 1745 951 1804 tractus.
965 1742 993 1803 2.
1009 1741 1105 1820 104,3
1140 1741 1267 1802 tractus
1280 1736 1383 1801 omnis

206 1841 335 1909 Galliae
358 1844 607 1925 provinciarum.
632 1849 782 1918 21102.
807 1850 835 1910 2.
850 1851 935 1924 94,4.
961 1848 1108 1927 2.126,3.

320 1949 446 2015 umas.
478 1952 655 2034 singularis
672 1957 721 2018 est
738 1971 818 2018 usus
833 1953 930 2018 huius
944 1953 1033 2018 vocis
1045 1951 1133 2033 apud
1155 1951 1240 2018 Vsll.
1264 1957 1293 2016 2.
1307 1953 1376 2031 68,1

205 2073 312 2137 neque
340 2059 426 2123 euim
454 2077 596 2138 persona
626 2061 773 2124 umbram
797 2066 891 2124 actae
914 2059 961 2124 rei
986 2061 1080 2140 capit.
1104 2058 1204 2144 (donn
1229 2058 1282 2123 die
1303 2058 1382 2123 Per·

206 2163 401 2230 siinlithkelt
410 2167 645 2248 erlaubtnioht,
660 2166 736 2231 dass
750 2166 802 2231 die
813 2167 1036 2248 Begebenheit
1047 2167 1107 2231 mit
1120 2166 1381 2247 Stillschweigen

205 2270 415 2353 iibergangen
440 2271 546 2356 wird.)

321 2373 506 2442 Vexillories
536 2379 666 2462 proprie
696 2386 747 2447 est
770 2380 915 2462 signifer.
940 2379 979 2445 of.
1002 2380 1074 2445 Liv.
1098 2386 1152 2462 8,8
1188 2380 1265 2446 ordo
1290 2397 1381 2445 sexa·

207 2501 308 2564 genos
331 2485 453 2552 milites
463 2493 496 2552 et
512 2486 601 2569 duos
626 2489 847 2554 centurionem
872 2493 906 2553 et
929 2488 1135 2553 vexillarium
1158 2506 1258 2552 uuum
1273 2487 1380 2552 habet

204 2589 437 2672 imperatorum
468 2596 668 2676 temporibus
691 2596 856 2662 vexillarii
880 2594 958 2659 dicti
983 2601 1061 2660 sunt
1084 2593 1216 2675 milites,
1241 2593 1298 2674 qui
1321 2611 1381 2673 per

206 2699 326 2781 viginti
354 2717 457 2766 annos
485 2702 648 2782 stipendia
673 2702 831 2785 fecerant,
862 2703 921 2768 sed
955 2701 1097 2767 nondum
1129 2700 1254 2766 dimissi
1277 2708 1380 2767 erant.

208 2811 361 2889 211116
397 2823 536 2888 magnus
579 2791 823 2874 vexillariorum
859 2825 1013 2874 numerus
1049 2808 1090 2873 ad
1129 2807 1383 2873 internecionem

206 2929 329 2978 caesus.

323 3015 467 3084 Vindicta
482 3025 532 3086 est
547 3021 629 3087 ultio
641 3023 694 3088 vel
710 3021 947 3088 animadversio
959 3023 1099 3103 peccati3
1115 3022 1204 3102 apud
1218 3021 1380 3087 Velleium

208 3135 317 3191 autem
333 3134 383 3192 est
399 3126 552 3211 defensio,
570 3131 781 3195 conservatio.
806 3131 834 3194 2.
849 3134 925 3212 64,4
961 3129 1093 3210 utrique
1116 3128 1262 3194 vindicta
1285 3127 1382 3194 liber-

206 3233 287 3298 tatis
314 3239 418 3300 morte
448 3234 549 3300 stet't.
573 3234 702 3316 proprio
730 3253 828 3301 sensu
851 3236 1026 3302 invenitur.
1050 3239 1079 3300 2.
1093 3241 1168 3317 923
1203 3235 1383 3301 vindictam

206 3339 333 3406 minari.
356 3343 498 3425 n.114‚3
527 3341 599 3408 visa
624 3341 705 3408 ultio
729 3343 859 3423 privato
883 3342 956 3408 odio
980 3343 1084 3424 magis
1109 3361 1206 3423 quam
1228 3342 1379 3423 publicae

206 3447 372 3514 vindictae
395 3448 480 3515 data.

312 3643 495 3728 Adiectina,
516 3645 745 3726 quibusaliam
761 3645 827 3712 sim
850 3644 940 3711 dedit
963 3645 1118 3727 Velleius,
1141 3646 1270 3726 repperi
1288 3646 1381 3711 haec:

312 3750 502 3834 despicatus
530 3752 662 3834 propria
692 3751 778 3816 idam
808 3756 859 3817 est
885 3757 984 3832 atque
1014 3759 1198 3834 auguratus
1228 3761 1286 3818 eut
1310 3771 1382 3818 con·

205 3862 374 3938 secratus3
399 3876 419 3923 a
441 3859 566 3926 Velleio
589 3859 731 3926 sumitur
752 3876 811 3940 pro
834 3857 954 3941 fausto,
978 3857 1075 3926 felici.
1093 3861 1121 3923 2.
1137 3863 1210 3940 792
1234 3860 1382 3942 auspica-

205 3964 250 4029 tis
273 3965 433 4030 ominibus
457 3984 591 4032 uxorem
614 3966 739 4032 ducere.

313 4068 468 4136 caespes
505 4073 647 4139 retertur
678 4072 720 4139 ad
754 4072 892 4138 classem
925 4076 959 4138 et
991 4071 1077 4138 idem
1109 4079 1161 4138 est
1182 4090 1221 4138 ac
1244 4072 1380 4139 navalis.

203 4182 226 4241 2
239 4183 315 4260 81,3
347 4197 474 4244 corona.
502 4179 647 4246 classica.
678 4185 707 4244 2.
721 4181 796 4263 85,1
830 4179 1000 4244 classicum
1033 4184 1204 4246 certamn.
1239 4183 1379 4261 2.121,1

132 4363 134 4368 Ι
202 4284 294 4350 vires
330 4286 493 4353 classicae.
522 4287 603 4354 Geli.
634 4292 716 4353 213
752 4285 833 4351 dicit
861 4286 1014 4352 classicos
1044 4287 1227 4368 appellatos
1258 4305 1330 4352 esse
1362 4305 1382 4351 a
