3128 4846
710 305 885 363 ...7-

209 507 293 570 hene
322 501 472 566 eruditus
502 497 694 576 habebatur,
726 493 791 558 nisi
814 492 871 573 qui
894 493 1061 556 rhetorum
1085 487 1205 579 scholis
1228 486 1391 552 formatus

210 607 451 688 institutusque
472 601 585 688 erat.*)
1294 606 1297 612 .

318 731 468 797 Alterum
484 728 601 793 vitium
618 733 678 808 est,
703 725 788 806 quod
811 729 987 806 argenteae
1011 721 1187 788 latinitatis
1211 719 1389 800 scriptores

213 837 369 906 orationis
384 835 554 917 particulis
569 832 749 899 uertendae
772 849 835 896 non
858 831 907 895 ita
931 831 1008 895 sunt
1030 827 1181 910 studiosi3
1205 846 1276 892 cum
1300 825 1389 891 enim

214 947 338 1026 priores
360 943 519 1029 imprimis
544 941 654 1006 Cicero
677 939 825 1018 singulas
849 937 1029 1002 sententias
1054 935 1232 1015 aptissimis
1257 936 1393 1014 quibus·

214 1069 277 1132 que
309 1047 600 1116 coniunctionibus.
631 1064 713 1126 quae
742 1044 905 1124 dicuntur,
929 1049 1061 1108 nectere
1084 1041 1249 1122 studeant,
1274 1047 1390 1106 contra·

138 1237 141 1244 1
214 1157 362 1238 plerique
390 1160 565 1236 argenteae
600 1152 720 1218 aetatis
756 1152 933 1230 scriptores
973 1150 1193 1231 neglegentes,
1230 1147 1389 1229 quomodo

214 1282 280 1330 una
295 1263 459 1329 sententia
474 1281 515 1327 ex
538 1261 644 1325 altera
667 1265 745 1338 apta
768 1259 821 1338 sit,
845 1257 986 1339 legentis
1010 1256 1117 1320 animo
1143 1255 1387 1320 coniectandum

214 1371 414 1451 relinquunt.
457 1386 519 1449 quo
543 1368 666 1433 iactum
698 1371 758 1444 est,
791 1371 827 1430 ut
846 1381 1001 1429 nurnerus
1033 1361 1274 1444 particularum,
1306 1381 1394 1442 quast

216 1477 345 1558 quidem
361 1475 517 1557 plurimas
543 1474 666 1554 priores
690 1476 942 1552 usurpaverunt,
967 1469 1070 1550 magis
1093 1469 1263 1552 magisque
1285 1470 1395 1533 minu-

112 1577 115 1584 ’
216 1591 327 1650 eretur
343 1589 443 1662 atque
474 1576 649 1646 nonnullae
674 1585 724 1644 ut:
750 1575 1003 1661 qrrandoquidem,
1027 1576 1093 1658 etsi,
1117 1579 1246 1657 tametsi,
1269 1581 1395 1658 upote,

216 1691 301 1756 aliae
335 1690 369 1755 in
392 1707 454 1755 usu
478 1705 549 1754 esse
581 1687 710 1751 omuino
747 1685 941 1750 desinerent.
987 1681 1041 1768 (cf.
1078 1683 1207 1764 Zumpt,
1239 1682 1390 1747 Berliner

221 1797 429 1863 Jalrrbiiclrer
457 1801 549 1860 1837.
572 1795 631 1858 Nc.
657 1793 722 1876 74).
747 1791 832 1856 aliae
856 1810 941 1857 nova
957 1791 1084 1855 ratione
1108 1798 1206 1870 atque
1229 1790 1391 1870 significa-

215 1905 305 1968 tione
330 1903 585 1981 adhihebantur3
611 1919 685 1964 nam
720 1919 790 1961 mor
824 1898 986 1979 particula
1016 1897 1156 1962 sumitur
1180 1915 1237 1978 pro
1269 1894 1394 1976 driade,

218 2017 369 2094 quantenus
393 2029 450 2090 pro
474 2009 548 2091 quio
578 2013 637 2073 etc.
661 2009 773 2089 itaq-uc,
805 2023 949 2088 nomque,
972 2005 1046 2089 qcric
1068 2005 1169 2083 ctiam,
1192 2005 1265 2088 quic
1290 2004 1392 2084 imino,

216 2115 365 2201 mquidem
387 2115 577 2197 particulae,
603 2129 686 2194 quae
709 2112 848 2194 primum
872 2128 998 2192 semper
1029 2111 1264 2176 enuntiationis
1288 2112 1392 2175 locum

219 2222 306 2302 aqoud
336 2221 460 2302 priores
488 2227 612 2302 tenent,
645 2239 665 2283 a
693 2217 928 2284 recentioribus
956 2217 1096 2283 secundo
1125 2219 1177 2282 vel
1200 2217 1298 2282 tertio
1322 2217 1394 2281 loco

219 2329 429 2393 collocantur.
461 2346 526 2408 qua
554 2346 595 2392 ex
625 2343 661 2391 re
689 2325 893 2390 audaciorem
926 2313 1053 2404 quoque
1077 2324 1395 2404 frequentioremque

220 2435 463 2516 participiorum
488 2453 582 2499 usuro
606 2433 786 2498 ducendum
812 2449 892 2516 esse,
918 2431 1014 2496 iacile
1037 2431 1248 2512 intellegitur.

327 2558 472 2624 Tertium
495 2565 547 2624 est
563 2558 679 2624 vitium
695 2556 871 2622 latinitatis
888 2563 1063 2638 argenteae
1086 2557 1182 2636 idque
1206 2557 1393 2640 maximum,

220 2665 305 2744 quod
328 2667 502 2731 verborum
538 2665 829 2746 componendorum
855 2665 939 2729 ratio
963 2683 1096 2745 prorsus
1129 2664 1267 2730 aliaest
1295 2672 1395 2744 atque

220 2789 322 2837 aurea
351 2777 476 2852 aetate3
505 2775 617 2856 verba,
648 2791 730 2853 quae
761 2773 886 2853 priores
917 2772 950 2835 in
979 2791 1041 2836 usu
1065 2791 1128 2836 urm
1152 2773 1319 2836 habehant
1341 2773 1395 2837 vel

222 2897 305 2957 quae
335 2898 356 2943 a
378 2879 483 2960 poetis
507 2879 728 2945 tantummodo
753 2879 1001 2960 adhibebantur,
1027 2879 1220 2960 posteriores
1243 2879 1276 2942 iu
1301 2897 1395 2943 usum

201 2980 461 3068 converterunt,
485 3004 588 3069 neque
613 2985 855 3066 dubitaverunt,
882 3005 1010 3050 vocese
1034 2986 1221 3066 quotidiano
1247 3004 1395 3050 sermone

221 3091 353 3172 petitas,
389 3111 469 3172 quas
486 3091 614 3158 erudite
641 3112 760 3158 aureae
790 3093 910 3157 aetatis
939 3094 1113 3172 scriptores
1137 3093 1171 3158 iu
1200 3094 1301 3158 libros
1331 3113 1394 3158 non

221 3195 431 3278 admiserunt,
463 3199 626 3280 arripere;
658 3199 823 3264 nonnullis
848 3219 975 3280 quoque
999 3199 1064 3264 alia
1088 3199 1284 3281 significatio
1309 3202 1402 3266 suhi--

222 3304 378 3369 ciebatur.
398 3305 509 3385 itaque
525 3314 558 3370 et
586 3307 803 3372 obsoletoruur
820 3312 851 3372 et
869 3325 1025 3371 uovorum
1048 3309 1219 3372 verborum
1245 3327 1399 3388 uragnum

221 3430 391 3476 numerum
415 3413 476 3476 hac
500 3420 610 3478 aetate
633 3413 828 3497 invenimus
852 3413 885 3478 id
909 3414 994 3495 quod
1018 3413 1103 3480 idem
1128 3415 1251 3480 Seneca
1275 3415 1396 3496 epistu-

222 3518 445 3583 lucentesima
463 3520 717 3601 decimaquarta
742 3521 921 3602 vituperat,
947 3540 1018 3586 cum
1043 3523 1248 3604 paragrapho
1273 3523 1397 3587 decima

221 3623 318 3689 dicit:
348 3622 427 3687 Cum
452 3627 584 3690 assuevit
606 3630 730 3692 coimus
744 3625 918 3710 fastidire,
941 3648 1017 3712 quoe
1040 3648 1077 3690 ecc
1098 3647 1181 3690 more
1204 3636 1277 3693 sunt
1300 3635 1327 3691 ct
1349 3629 1397 3692 illi

222 3769 343 3776 ψ
364 3769 395 3776 ,υ-

221 3817 249 3886 *l
266 3817 379 3872 adnot:
405 3818 476 3872 Illud
502 3833 613 3888 quoque,
640 3821 710 3887 quod
728 3821 842 3874 Romani
866 3820 938 3873 illius
962 3821 1061 3874 aetatis
1080 3820 1223 3882 abstracte,
1243 3825 1275 3873 ut
1292 3836 1340 3874 nos
1359 3821 1403 3874 di-

269 3908 352 3960 cimus
365 3907 437 3974 loqui
462 3915 543 3975 atque
562 3909 677 3964 scribere
696 3913 888 3976 assuescerent,
917 3909 947 3962 id
964 3909 1034 3976 quod
1053 3923 1156 3978 semper
1181 3910 1285 3963 ruentis
1305 3910 1403 3977 liguae

270 4001 312 4050 est
330 3997 375 4064 (ei.
395 3997 493 4066 Haase,
509 3997 697 4068 Vorlesungen
716 3998 785 4054 iiber
803 3998 852 4054 lat.
863 3998 1151 4066 Sprachwissenschalt
1169 3999 1208 4052 ed·
1224 3999 1352 4054 Echateiu
1371 4015 1397 4066 p.

273 4086 325 4138 lat
350 4090 378 4139 et
403 4087 460 4154 69.)
486 4102 613 4155 magnam
631 4093 735 4156 partem
754 4087 816 4142 inde
835 4089 937 4142 lactum
956 4093 1006 4154 est,
1026 4105 1084 4143 cum
1103 4089 1224 4143 rhetores
1243 4088 1399 4156 saepissime

273 4174 405 4242 derebus,
431 4189 499 4241 quoe
518 4177 595 4244 tangi
615 4181 641 4230 et
660 4176 838 4231 demonstrari
856 4192 910 4230 non
928 4184 1048 4247 possunt,
1069 4180 1157 4233 auimo
1176 4187 1267 4232 tamen
1285 4193 1397 4230 cernun-

267 4268 314 4316 tur
332 4267 360 4316 et
377 4249 580 4332 intelleguntur,
600 4263 777 4332 disputarent.
