3128 4846
687 225 865 285 ..lp-

203 433 206 458 ¹
291 419 437 484 Primum
450 423 568 502 autem,
580 415 610 482 si
625 417 743 500 placat,
760 417 861 482 verba
873 415 990 480 faciam
1006 414 1215 480 decretionis
1227 431 1366 496 genere,

186 527 312 610 deinde,
337 527 455 607 quibus
479 525 589 592 verbis
600 524 748 590 Velleius
770 524 893 606 primus
920 539 999 588 naus
1022 522 1068 588 sit
1090 522 1249 603 indicabo,
1273 526 1359 605 post,

186 634 306 716 quibus·
333 635 431 700 aliam
462 632 732 716 significationem
763 641 862 712 atque
893 630 979 713 apud
1010 629 1148 712 optimos
1183 629 1361 712 scriptores

185 742 361 824 habebant,
386 739 571 823 subiecerit,
595 745 666 803 tum
689 737 809 818 quibus
832 738 866 802 in
895 738 993 803 rebus
1008 738 1050 801 ab
1066 737 1191 818 optima
1205 737 1385 822 loquendi

186 847 423 914 consuetudine
447 848 630 912 abhorreat
675 845 853 926 Postremo,
894 844 1013 924 quibus
1047 844 1081 908 in
1115 845 1215 910 rebus
1238 845 1362 910 Vellbii

185 956 324 1024 elocutio
348 955 546 1022 Graecorum
577 953 690 1034 lingua
717 957 751 1017 et
781 969 929 1017 sermone
959 951 1086 1032 plebeio
1110 951 1281 1033 inquinata
1304 952 1359 1034 sit,

184 1063 420 1147 perscrutabor.

666 1223 804 1336 eaput
836 1215 866 1312 I.

292 1403 341 1467 Ac
376 1401 515 1482 primum
551 1399 680 1480 quidem
704 1397 864 1463 Velleinm
899 1396 933 1461 in
969 1396 1116 1463 oratione
1151 1399 1237 1464 omni
1266 1400 1366 1483 modo·

185 1508 373 1574 exornanda
407 1515 506 1589 atque
530 1505 762 1587 amplificanda
791 1522 922 1584 operam
953 1503 1203 1588 consumpsisse,
1236 1507 1362 1572 multae

187 1620 334 1697 suntrcs,
360 1613 477 1696 quibus
500 1613 593 1679 nobis
618 1595 781 1694 probetur.
827 1611 898 1677 sive
929 1611 1013 1676 enim
1037 1630 1106 1678 rem
1138 1612 1262 1696 laudat,
1289 1614 1365 1678 sive-

186 1723 369 1803 vitnperat,
405 1733 532 1802 semper
566 1721 676 1787 verbis
692 1739 763 1786 eam
788 1725 888 1801 auget
922 1726 957 1784 et
992 1719 1239 1802 attributorum,
1277 1739 1368 1800 quae¹

187 1829 349 1909 dicuntur,
381 1828 510 1893 modum
534 1829 658 1892 nullum
683 1827 839 1892 adhibere
862 1827 892 1891 ei
914 1825 1030 1906 placet.
1054 1845 1095 1891 ex
1128 1825 1255 1892 infinito
1291 1827 1361 1892 iere

187 1934 405 2015 exemplorum
429 1953 572 2017 numero,
606 1951 741 2016 quorum
767 1951 919 2016 magnam
950 1931 1074 2014 copiam
1106 1932 1171 1998 iam
1195 1933 1367 2015 Scuppins

186 2045 220 2106 et
234 2041 382 2106 Kritzius
405 2040 616 2125 collegerunt,
641 2059 744 2123 pauca
768 2039 940 2121 decerpere
951 2040 1031 2105 mibi
1043 2040 1151 2122 liceat,
1177 2059 1218 2105 er
1242 2041 1363 2122 quibus

185 2165 254 2213 rem
283 2147 331 2212 ita
365 2167 436 2213 esse
468 2149 588 2229 optime
613 2155 836 2231 cognoscatur.
883 2153 911 2212 2.
948 2153 1022 2230 31,1
1062 2153 1269 2213 converterat
1304 2145 1362 2213 On.

184 2255 317 2336 Pompei
353 2273 491 2336 persona
525 2261 597 2321 tota
629 2257 663 2321 in
698 2274 733 2320 se
768 2263 929 2322 terrarum
966 2257 1076 2321 orbern
1114 2259 1147 2320 et
1169 2273 1228 2335 per
1252 2255 1361 2320 omnia

187 2361 290 2426 maior
318 2363 381 2428 civi
410 2363 600 2428 habebatur.
648 2369 677 2428 2.
709 2369 791 2444 65,5.
826 2363 910 2428 vivit
941 2361 1008 2446 (sc.
1034 2361 1171 2446 Cicero)
1203 2363 1363 2443 vivetque

187 2487 245 2550 per
268 2488 392 2535 omnem
416 2469 618 2536 saeculorum
641 2469 837 2551 memoriam,
874 2469 1013 2549 dumque
1037 2470 1097 2534 hoc
1120 2468 1173 2534 vel
1197 2469 1282 2535 iorte
1305 2469 1362 2556 vel

186 2575 395 2656 providentia
418 2576 471 2642 vel
494 2583 660 2657 utcunque
683 2577 896 2642 constitutum
931 2595 1040 2642 rerum
1063 2581 1202 2641 naturae
1223 2595 1359 2659 corpus,

187 2682 272 2762 quod
294 2681 350 2746 ille
373 2701 477 2764 paene
508 2685 596 2749 solus
620 2683 838 2749 Romanorum
862 2685 969 2748 animo
992 2684 1093 2765 vidit,
1123 2683 1253 2764 ingenio
1278 2703 1367 2750 com--

185 2789 300 2870 plexus
313 2793 373 2873 est,
398 2791 583 2870 eloquentia
605 2789 813 2872 illuminavit,
838 2791 984 2856 manebit
1006 2791 1186 2874 incolume,
1212 2791 1360 2857 comitem

186 2896 259 2962 aevi
282 2898 332 2962 sui
366 2897 495 2962 laudem
519 2897 683 2964 Ciceronis
706 2899 832 2981 trahet,
865 2899 1033 2978 omnisque
1067 2897 1245 2979 posteritas
1271 2899 1362 2964 illins

185 3003 219 3067 in
253 3007 287 3068 te
321 3005 444 3085 scripta
478 3003 652 3070 mirabitur
687 3006 846 3086 citiusque
880 3005 1040 3070 emundo
1066 3023 1169 3088 genus
1193 3005 1358 3071 hominum

186 3128 282 3189 quam
306 3112 478 3178 Ciceronis.
492 3113 721 3178 nomencedet.
769 3119 796 3178 2.
824 3117 925 3195 130‚4
949 3113 1069 3178 amissa
1092 3116 1197 3176 mater
1220 3111 1360 3178 eminen-

185 3216 312 3282 tissima
336 3224 369 3283 et
400 3237 459 3299 per
493 3219 600 3284 omnia
635 3219 703 3285 deis
728 3237 823 3300 quam
847 3219 1032 3285 bominibus
1067 3217 1203 3282 similior
1240 3217 1361 3283 lamina

186 3329 215 3388 2.
240 3329 314 3407 51,3
340 3325 463 3390 Balbus
476 3326 653 3392 excedente
676 3327 850 3391 humanam
873 3325 970 3392 fidem
987 3326 1173 3392 temeritate
1188 3325 1358 3407 ingressus

185 3437 300 3496 castra.
325 3435 355 3496 2.
379 3436 464 3514 91,3.
487 3451 594 3512 neque
618 3434 719 3498 multo
742 3439 816 3514 post
839 3433 946 3498 Rufus
962 3433 1136 3514 Egnatius,
1170 3449 1229 3514 per
1252 3433 1360 3498 omnia

184 3536 361 3619 gladiatori
386 3557 481 3618 quam
505 3539 649 3604 senatori
673 3541 814 3622 propior,
838 3559 911 3605 cum
935 3546 1023 3605 esset
1050 3539 1136 3604 omni
1159 3539 1358 3622 flagitiorum

184 3644 407 3724 scelerumque
431 3645 631 3711 conscientia
660 3665 785 3712 mersus
802 3666 862 3713 nec
885 3647 999 3712 melior
1026 3646 1076 3710 illi
1108 3665 1161 3711 res
1189 3645 1368 3712 iamiliaris

184 3763 278 3831 quam
297 3767 388 3818 mens
412 3751 505 3834 foret,
530 3752 719 3819 interimere
743 3754 905 3820 Caesarem
929 3753 1055 3818 statuit.

290 3855 451 3923 Veritatis
465 3859 553 3924 illam
569 3860 821 3941 superlationem
846 3865 879 3926 et
896 3859 1120 3926 traiectionem
1137 3859 1361 3940 cognoscimus

183 3979 224 4028 ex
237 3961 287 4028 his
318 3983 445 4045 qnoque
467 3965 595 4052 verbis,
625 3983 710 4047 quae
733 3967 882 4048 quotiens
910 3972 943 4033 et
967 3985 1063 4046 quam
1087 3966 1190 4031 multa
1213 3965 1365 4032 Velleius

185 4067 382 4156 adhibuerit,
402 4077 490 4138 certe
501 4073 685 4138 mirandum
701 4080 762 4140 est:
786 4073 935 4155 caelestis,
953 4071 1206 4153 caelestissimus,
1220 4072 1361 4138 clarissi-

182 4196 273 4260 mus,
302 4178 461 4261 eminens,
492 4179 778 4265 eminentissimus
811 4179 1087 4262 tulgentissimus,
1116 4178 1283 4261 immanis,
1313 4179 1367 4244 in·-
