3128 4846
675 274 853 334 ..30-

276 463 446 530 Ercoleori
469 467 519 530 est
542 465 669 530 calceos
693 463 757 530 sibi
781 463 964 528 detrahere.
989 467 1110 546 aaut
1134 463 1182 526 ita
1205 481 1240 527 se
1264 461 1351 543 apud

163 591 223 638 eos
251 573 364 657 gessit,
389 576 427 637 ut
456 589 563 650 neque
591 590 745 651 umquam
770 575 829 636 aut
850 575 946 634 nocte
969 571 1027 633 aut
1050 567 1102 634 die
1126 573 1184 633 aut
1208 569 1351 633 excalce-

173 684 287 745 aretur
315 683 374 744 aut
397 676 645 759 discingeretur.
670 676 774 763 (Suet.
798 676 910 742 Vitell.
935 679 964 741 2.
987 679 1025 739 ut
1048 674 1112 739 sibi
1135 673 1234 755 pedes
1257 693 1352 756 prae-

169 789 266 852 beret
290 785 533 851 excalceandos.

274 889 507 975 lituapoescare.
546 893 634 957 verb.
670 891 846 956 inchoatio.
871 891 911 954 ab
932 889 1100 972 elangueo.
1125 895 1155 953 a.
1177 892 1274 971 lll,4
1295 887 1346 954 vi·

171 999 268 1064 ribus
292 999 533 1080 elanguescere.
558 995 668 1082 (Plin.)

280 1103 445 1168 Ianatrtrc
472 1103 558 1168 idem
583 1108 634 1168 est
657 1109 756 1184 atque
779 1103 926 1168 educare.
951 1109 980 1168 2.
997 1107 1073 1184 943
1098 1102 1168 1168 Tib.
1192 1100 1347 1168 Claudius

172 1213 273 1292 Nero,
312 1210 494 1275 innutritus
533 1210 723 1276 caelestium
757 1214 1006 1291 praeceptorum
1034 1208 1224 1290 disciplinis.
1248 1207 1348 1290 (Plin.

173 1337 223 1399 ep.
248 1323 332 1399 9,33.
357 1315 445 1382 Suet.
469 1318 555 1399 Aug.
579 1319 608 1380 3.
631 1317 715 1381 Pliu.
739 1317 860 1397 Paneg.
887 1314 951 1395 16.)
1049 1330 1051 1337 ·

276 1421 447 1506 choascrc
470 1422 704 1503 frequentatio.
720 1441 741 1487 a
756 1421 934 1502 rependere
948 1421 1034 1488 idem
1050 1425 1101 1486 est
1116 1439 1155 1486 ao
1169 1419 1349 1500 rependere

173 1531 229 1596 vel
258 1549 474 1610 compensare.
507 1536 536 1594 2.
559 1535 634 1611 rut
658 1530 750 1594 euius
777 1529 932 1594 interitus
967 1529 1119 1608 voluptas
1155 1527 1348 1592 amissorum

166 1644 229 1702 aut
263 1637 372 1718 gladio
407 1642 465 1701 aut
498 1638 609 1702 morbo
645 1636 766 1702 civium
800 1653 904 1718 paene
935 1634 1051 1700 damno
1079 1639 1255 1715 repensata
1289 1639 1347 1698 est.

167 1743 299 1828 (donee.
323 1741 435 1826 Apul.)
470 1811 471 1814 ,

644 2068 783 2179 eaput
814 2059 886 2153 111.

282 2311 384 2377 Aliud
415 2316 467 2376 est
490 2317 667 2394 argenteae
690 2311 878 2393 latinitatis,
904 2310 1116 2390 quodmultis
1132 2313 1268 2378 vocibus
1284 2310 1350 2375 alia

169 2417 368 2500 significatio
396 2425 496 2498 atque
519 2418 607 2498 apud
619 2419 756 2499 optimos
780 2418 958 2497 scriptores
980 2418 1155 2501 habebant,
1181 2417 1349 2484 tribuitur.

173 2524 263 2606 apud
277 2525 441 2590 Velleium
457 2542 585 2605 quoque
602 2543 756 2606 magnum
772 2525 946 2590 verborum
961 2541 1132 2589 numerum
1154 2525 1350 2605 invenimus

175 2631 293 2712 quibus
316 2630 373 2695 ille
396 2648 515 2696 novam
538 2631 604 2696 vim
630 2630 728 2696 dedit.

284 2737 428 2818 Repperi
451 2745 561 2803 autem
584 2738 794 2806 substantiva
816 2738 912 2802 haec:

240 2921 242 2924 Ι
284 2843 381 2906 Actus
405 2861 503 2909 seusu
518 2846 648 2925 passivo
671 2845 757 2910 idem
784 2849 836 2910 est
859 2863 897 2909 ac
920 2843 1096 2928 negotium,
1120 2861 1174 2909 res
1197 2843 1351 2924 gerenda.

171 2953 203 3015 2.
221 2955 318 3036 127,4
342 2950 481 3016 Seianus
510 2952 643 3028 Aelius,
667 2953 719 3017 vir
750 2952 939 3019 severitatis
969 2950 1180 3033 laetissimae,
1203 2949 1352 3017 hilarita-

174 3056 219 3122 tis
235 3057 373 3140 priscae,
391 3064 467 3122 actu
491 3059 604 3124 otiosis
627 3059 812 3124 simillimus
836 3064 897 3123 ete.
920 3058 1045 3139 priores
1068 3057 1129 3121 hae
1153 3074 1232 3121 voce
1255 3062 1353 3123 utun-

172 3167 229 3228 tur
259 3168 317 3229 aut
347 3164 455 3229 activo
487 3170 546 3229 aut
576 3164 709 3246 passivo
740 3184 837 3231 sensu
870 3165 909 3230 de
939 3164 1012 3245 ipsa
1035 3164 1163 3228 actione
1186 3163 1240 3229 vel
1261 3168 1352 3229 motu

171 3275 232 3335 aut
264 3269 303 3334 de
333 3275 429 3352 gestu
461 3275 495 3335 et
517 3277 607 3337 motu
631 3273 775 3354 corporis
799 3273 992 3337 histrionum
1017 3275 1051 3335 et
1074 3271 1277 3336 saltatorum.
1301 3289 1352 3336 eo-

176 3376 249 3441 dem
284 3394 393 3459 sensu,
430 3396 492 3457 quo
516 3377 662 3444 Velleius
696 3397 808 3444 vocem
843 3379 961 3462 posuit,
997 3381 1108 3442 exstat
1141 3376 1228 3458 apud
1263 3377 1352 3444 Suet.

176 3482 263 3564 Aug.
289 3488 339 3547 78.
359 3482 469 3548 Claud.
492 3489 543 3551 30.
563 3484 652 3566 apud
672 3484 782 3567 Quint.
798 3489 880 3568 ll,l.
893 3485 928 3551 in
940 3483 1059 3550 ceteris
1069 3484 1198 3549 actibus
1210 3483 1300 3550 vitae
1311 3485 1352 3549 al.

281 3588 456 3651 Aemulatio
489 3608 509 3654 a
541 3589 695 3656 Cicerone
726 3592 810 3656 malo
839 3609 937 3657 sensu
966 3591 1106 3656 sumitur
1129 3589 1183 3675 (ef.
1206 3590 1276 3655 Att.
1302 3593 1352 3656 13.

178 3695 220 3758 28
245 3694 426 3759 assentatio
449 3696 565 3777 turpis.
595 3697 698 3762 Amic.
724 3699 774 3763 24.
798 3695 980 3762 assentatio
1003 3698 1159 3763 vitiorum
1183 3696 1351 3782 adiutrix.)

174 3799 321 3866 Velleius
352 3802 436 3866 bono
468 3820 567 3868 sensu
605 3808 744 3886 usurpat
778 3823 837 3886 pro
861 3823 1005 3871 assensu.
1034 3806 1063 3869 a.
1090 3806 1186 3886 128,3
1226 3803 1351 3884 quill.

173 3906 281 3972 Tullio
304 3913 432 3973 tantum
449 3909 596 3976 tribuere
620 3916 657 3976 ut
676 3929 781 3992 paene
804 3912 1027 3977 assentatione
1050 3928 1119 3994 sua,
1144 3909 1262 3990 quibus
1285 3911 1353 3977 vel·

177 4012 233 4097 let,
258 4013 464 4097 principatus
488 4017 686 4083 conciliaret.

283 4118 402 4186 Auctor
427 4123 569 4189 sumitur
594 4143 653 4206 pro
688 4124 846 4206 scriptore
878 4129 906 4191 1.
921 4127 973 4210 7,a
997 4123 1219 4192 historiarum.
1243 4128 1272 4192 a.
1290 4131 1352 4209 9,5.

176 4231 207 4292 2.
231 4229 307 4312 36,2
331 4231 520 4295 carminum.
