3128 4846
703 281 877 344 ..34...

201 475 324 541 Oatone
356 493 420 540 non
436 493 556 558 omnes,
581 473 693 554 quiin
718 472 877 539 classibus
901 478 1004 556 erant,
1029 471 1161 558 (quibus
1184 479 1297 556 partes
1320 475 1379 540 vel.

199 581 329 647 ordines
333 581 445 664 populi
456 580 681 662 significabant
688 579 741 663 ur)
751 580 809 646 sed
817 580 940 659 primae
951 583 1080 646 tantum
1091 581 1205 646 classis
1217 581 1378 648 homines.

306 705 438 770 citerior
461 707 503 771 ab
516 705 647 786 optimis
670 705 884 787 scriptoribus
906 723 1082 784 numquam
1105 710 1156 772 est
1175 705 1317 786 positum
1333 705 1373 772 de

197 822 355 896 tempore;
377 814 427 878 ita
450 814 511 878 lroc
524 813 716 878 uocabulum
741 811 914 892 usurpavit
936 812 1085 878 Velleius
1121 811 1236 894 1.17,2
1259 813 1295 878 in
1317 831 1376 878 an-

196 923 320 1003 tiquius
343 919 520 986 citeriusve
543 919 726 1000 procedere.

305 1025 424 1091 Celsior
447 1033 498 1092 est
526 1027 581 1108 qui
615 1025 865 1106 frequentatum
888 1025 965 1091 inde
988 1026 1376 1094 112121212212221111-

178 1137 286 1212 ribus
310 1135 449 1200 sumitur
472 1152 530 1215 pro
555 1134 659 1214 claro,
694 1133 871 1212 praeclaro.
897 1138 923 1198 1.
949 1137 1001 1214 9‚5
1034 1132 1194 1214 triumphi
1218 1133 1371 1200 celebres.

195 1249 223 1308 2.
239 1248 290 1322 7‚5
340 1233 584 1306 celeberrimum
621 1239 861 1322 1111112113
900 1240 1045 1319 porticus
1075 1240 1227 1306 celebres.
1253 1247 1372 1323 2.12,2

193 1367 309 1415 nomen
322 1348 574 1413 celeberrimum.
588 1353 617 1411 2.
633 1352 706 1427 11,2
720 1346 923 1411 celeberrimi
936 1345 1043 1412 duces.
1055 1353 1272 1427 praetereat.
1287 1352 1372 1431 5114.

193 1462 221 1522 2.
237 1462 319 1538 iisd.
345 1460 496 1534 21162.
521 1458 670 1534 2.125,5.
694 1452 825 1533 proprio
849 1471 947 1518 sensu
982 1457 1100 1518 exstat
1129 1459 1243 1536 2.91,1
1269 1455 1372 1535 Alpes

192 1563 272 1628 teris
296 1561 495 1641 incultisque
517 1560 705 1625 nationibus
727 1559 878 1624 celebres.
902 1564 931 1622 2.
948 1563 1042 1642 104,3
1068 1560 1278 1626 celeberrima
1294 1581 1372 1643 pars

190 1670 318 1736 Italiae.

297 1773 427 1854 Effusius
449 1772 649 1839 transfertur
668 1772 711 1837 ad
734 1773 804 1838 loca
828 1773 956 1838 etidem
979 1778 1030 1838 est
1046 1792 1084 1838 ac
1100 1779 1226 1856 122112,
1243 1779 1371 1854 patens.

192 1891 220 1950 2.
233 1890 305 1962 43,1
339 1881 553 1950 effusissimum
577 1880 675 1945 maris
698 1879 859 1944 Adriatici
891 1880 990 1945 sinus.
1019 1879 1057 1945 cl.
1081 1876 1155 1947 Tac.
1184 1881 1292 1948 Germ.
1329 1888 1367 1947 31

190 1990 292 2056 effusa
316 1991 396 2054 loca.
425 1987 513 2069 apud
555 1986 743 2051 Ciceronem
772 1986 859 2051 idem
888 1993 939 2052 est
969 2005 1008 2052 ac
1037 1987 1200 2068 profusus,
1224 1987 1263 2053 cf.
1287 1989 1371 2055 Vell

190 2100 219 2161 2.
232 2101 305 2177 41,1
332 2094 556 2161 munificentia
580 2092 803 2159 effusissimus.

296 2219 416 2284 Fatalis
439 2238 525 2285 mors
549 2224 609 2302 est,
634 2237 717 2299 quac
739 2236 805 2284 non
828 2219 935 2283 subito
951 2217 1009 2283 sed
1024 2217 1199 2284 secundum
1216 2226 1369 2286 naturam

188 2329 281 2397 venit
306 2332 340 2392 et
363 2327 537 2408 opponitur
559 2326 723 2392 violentae
745 2325 851 2390 morti.
877 2328 905 2388 2.
918 2329 972 2406 4,ss
998 2342 1056 2389 seu
1072 2323 1205 2390 12121211
1222 2344 1279 2391 221
1297 2346 1370 2392 211·

187 2437 300 2502 flotam
322 2433 452 2500 insidiis
468 2438 605 2498 mortem
621 2432 710 2497 obiit.
735 2435 763 2497 2.
776 2437 850 2514 4111
880 2429 974 2496 fatali
990 2436 1094 2496 morte
1110 2430 1212 2514 iungi.
1235 2435 1369 2514 propria

187 2549 239 2610 est
261 2544 341 2608 haec
365 2539 560 2622 significatio
583 2538 672 2605 vocis
696 2538 814 2603 Velleii
837 2544 871 2602 21
893 2537 1018 2603 anullo
1034 2537 1098 2602 alio
1117 2537 1166 2603 ita
1181 2545 1370 2620 usurpatur,

293 2662 487 2748 Principalis
510 2665 640 2746 proprie
663 2671 714 2730 est
737 2663 860 2744 primus
884 2669 943 2728 aut
965 2663 1169 2744 praecipuus
1193 2665 1234 2730 ab
1251 2685 1367 2748 argon.

184 2780 259 2842 teae
282 2773 402 2837 aetatis
426 2773 640 2853 scriptoribus
665 2770 786 2836 dicitur
809 2770 979 2852 derebus,
1004 2787 1087 2849 quae
1107 2769 1150 2834 ad
1178 2771 1366 2863 principem,

186 2881 219 2946 id
244 2886 295 2945 est
320 2879 361 2944 ad
386 2881 556 2960 Caesarem,
580 2877 754 2959 pertinent.
779 2879 807 2942 2.
823 2881 895 2958 56,3
915 2876 1105 2957 principalis
1121 2876 1223 2958 quies.
1247 2881 1365 2962 2212

184 2981 590 3070 111121211211112112112.
608 2987 748 3068 21213
774 2983 968 3064 principalia
993 3001 1099 3064 opera.
1119 2985 1260 3065 11213
1280 2985 1378 3065 prin--

186 3095 304 3175 cipalis
328 3111 435 3160 onera.
1264 3092 1269 3112 “

293 3198 419 3264 Pronus
441 3204 492 3264 est
514 3198 643 3279 tavers,
667 3196 843 3262 studiosus.
869 3198 897 3260 1.
910 3199 963 3278 9,2
988 3197 1067 3275 quin
1089 3197 1210 3264 Rhodii
1239 3217 1380 3280 quoque

183 3309 351 3392 proniores
374 3305 463 3388 regis
487 3304 637 3385 partibus
657 3303 823 3371 visisunt.
848 3307 877 3369 2.
892 3309 966 3386 69,6
983 3321 1090 3385 neque
1105 3306 1260 3386 reperias,
1285 3325 1367 3388 quos

183 3416 316 3499 pronior
339 3414 473 3479 fortuna
496 3411 651 3477 comitata
674 3411 726 3476 sit.
752 3408 814 3494 (ita
838 3410 969 3491 saepius
993 3409 1083 3495 Tac.)
1105 3413 1271 3494 propriam
1299 3414 1364 3479 vim

184 3525 285 3589 habet
310 3524 424 3602 1.16,1
450 3536 571 3601 gurges
594 3536 725 3599 pronus.

297 3642 414 3708 Unicus
436 3641 520 3708 idem
543 3647 596 3708 est
618 3661 657 3707 ac
680 3641 869 3723 singularis,
892 3641 1089 3722 praecipuus
1113 3649 1146 3708 et
1162 3641 1304 3708 sumitur
1322 3644 1365 3707 ab

184 3752 315 3833 optimis
346 3750 560 3830 scriptoribus
591 3749 815 3814 tantummodo
844 3749 879 3813 in
902 3750 1021 3814 bonam
1052 3755 1186 3831 partem.
1218 3749 1364 3816 Velleius

185 3859 265 3924 dicit
287 3858 321 3922 in
344 3855 462 3920 malam
486 3859 621 3936 partem.
646 3859 675 3920 2.
690 3858 740 3938 7,2
777 3856 853 3922 huic
876 3855 1044 3920 atrocitati
1068 3855 1232 3922 adiectum
1256 3857 1365 3922 scelus

185 3966 323 4032 unicum.

291 4142 412 4223 Verba,
436 4159 519 4222 quae
541 4160 662 4208 novem
684 4141 806 4208 hebent
834 4138 1104 4222 significationem
1134 4139 1222 4220 apud
1245 4140 1378 4207 Vellei--

183 4267 238 4318 um
262 4254 339 4316 sunt
361 4249 458 4314 haec:
