3128 4846
612 355 614 365 .
709 303 887 362 -s-

202 491 410 562 desiderarit·
427 495 523 575 plane
546 493 746 573 temporibus
769 492 921 560 inserviit
943 498 977 560 et
999 511 1134 574 pravam
1158 493 1280 560 aetatis
1302 511 1380 560 suae

198 601 477 672 »consuetudinum
500 605 632 666 secutus
656 599 752 666 unius
774 599 945 680 imperium
968 599 1121 666 laudibus
1149 600 1268 668 extulit
1297 600 1381 668 cele·

206 711 489 790 bravitquesunt,
514 708 569 790 qui
583 707 703 790 dicant,
729 707 889 772 Velleium
902 706 1072 774 historiam
1096 725 1134 774 eo
1157 707 1380 774 tantummodo

206 801 342 885 consilio
354 815 535 896 scripsisse,
558 820 596 880 ut
610 812 732 880 Tiberii
748 813 899 880 Caesaris
915 813 1056 894 gratiam
1072 819 1231 899 captaret,
1255 814 1381 881 616116-

207 926 340 992 lationis
362 929 477 1004 aperte
499 940 574 988 eum
597 925 761 986 accusent.
792 919 851 986 scd
874 919 971 986 iidem
994 939 1059 986 uon
1083 922 1165 988 satis
1189 923 1381 1004 cognovisse

204 1033 286 1100 mihi
301 1031 465 1110 videntur,
481 1029 583 1111 11166,
601 1046 666 1108 que
682 1033 771 1119 esset
785 1026 1010 1094 mediocritate
1027 1026 1136 1106 animi,
1157 1027 1256 1094 aliter
1271 1027 1380 1096 tacere

202 1162 246 1208 ac
269 1140 392 1206 sentire
414 1155 480 1202 nun
503 1135 658 1216 potuisse,
683 1153 780 1216 quam
804 1152 923 1216 omnes,
948 1134 1006 1214 qui,
1024 1134 1097 1214 pari
1120 1140 1231 1202 essent
1252 1136 1321 1202 loco
1348 1143 1382 1202 et

207 1247 407 1327 condicione,
432 1244 487 1324 qui
504 1241 653 1308 Caesaris
677 1241 861 1310 sententias
880 1258 992 1306 omnes
1022 1241 1208 1325 probarent,
1233 1249 1268 1308 et
1283 1244 1381 1324 quod·

177 1362 179 1366 ’
203 1371 335 1435 cunque
357 1352 413 1418 ille
436 1350 575 1429 iaceret,
599 1348 721 1429 optime
744 1347 866 1413 iactum
892 1365 963 1414 esse
976 1347 1154 1416 crederent.
1177 1347 1289 1431 itaque
1313 1370 1378 1418 non

206 1460 364 1548 6116166111
387 1457 495 1526 studio
518 1455 576 1522 sed
591 1443 730 1520 naturae
744 1453 951 1534 moribusque
965 1454 1055 1520 illius
1070 1455 1226 1535 temporis
1239 1457 1384 1526 tribuen-

209 1571 286 1636 dum
314 1573 383 1649 est,
413 1563 499 1646 quod
529 1562 675 1629 Velleius
703 1561 871 1628 Tiberium
899 1561 1045 1641 aliosque
1075 1579 1141 1626 uon
1171 1563 1257 1630 tales
1288 1567 1382 1632 nobis

209 1675 391 1757 descripsit,
417 1672 530 1753 quales
554 1687 627 1736 cum
648 1687 689 1734 ex
705 1668 780 1734 aliis
796 1675 865 1734 tum
882 1686 923 1734 ex
939 1667 1064 1752 Tacito,
1088 1668 1310 1738 illustrissimo
1325 1669 1382 1738 illo

209 1802 320 1852 rerum
344 1780 511 1861 scriptore,
537 1776 771 1859 cognoscimus,
794 1775 891 1842 immo
915 1793 992 1842 vero
1009 1774 1181 1844 Caesarem
1204 1784 1239 1843 et
1262 1795 1381 1862 omnes,

208 1893 265 1974 qui
288 1892 330 1955 ab
353 1889 424 1954 eius
447 1886 596 1966 partibus
618 1884 767 1963 stabant,
799 1883 952 1950 laudibus
975 1881 1083 1965 affert,
1114 1883 1148 1949 iu
1176 1884 1383 1952 adversarios

112 2011 114 2016 '
204 2016 321 2065 eorum
344 1990 750 2072 vehementeminvehitur,
774 1990 872 2069 idque
895 2008 936 2056 ex
952 1989 1052 2056 animi
1068 1991 1121 2057 sui
1143 1992 1322 2074 sententie,
1347 2000 1384 2060 ut

209 2105 290 2172 mihi
316 2103 447 2184 quidem
463 2100 668 2180 exploratum
691 2102 750 2162 est.
773 2097 928 2176 loquendi
948 2096 1051 2178 igitur
1073 2096 1384 2180 11166161666666

207 2211 297 2294 apud
320 2210 444 2290 priores
466 2204 666 2288 invenimus,
694 2209 765 2269 166
789 2203 951 2268 sublatam
974 2201 1091 2284 fuisse,
1122 2204 1264 2285 optimus
1287 2207 1381 2274 uobis

211 2318 306 2384 testis
329 2319 381 2381 est
404 2311 558 2378 Velleius.
583 2310 622 2376 61.
646 2312 748 2376 uerba
770 2309 892 2376 Krituii
918 2310 954 2374 in
976 2310 1125 2392 Prolegg.
1149 2310 1191 2376 ad
1206 2311 1289 2378 Veli.
1312 2314 1384 2380 Pat.

210 2445 241 2506 p.
264 2419 537 2500 XXI-XXXI,
562 2418 680 2498 quibus
703 2418 788 2482 hanc
803 2435 871 2482 rem
894 2415 937 2482 ad
959 2421 1106 2497 tempora
1128 2435 1193 2482 uon
1217 2417 1259 2482 ed
1282 2421 1384 2502 scrip-

209 2532 291 2600 toris
314 2535 467 2596 naturam
478 2541 649 2606 moresque
670 2523 874 2590 referendam
895 2541 975 2606 esse,
1000 2523 1121 2604 optime
1137 2525 1385 2608 nobiscompro-

210 2639 303 2706 bavit
318 2642 353 2702 et
368 2634 504 2715 Sauppii
526 2633 562 2698 in
576 2633 660 2698 Mus.
681 2632 812 2697 Helvet
838 2631 973 2696 16661.
990 2649 1021 2711 p.
1039 2636 1112 2713 168,
1129 2649 1213 2712 quae
1228 2633 1289 2698 hoc
1315 2635 1385 2700 loco

210 2746 312 2813 effere
335 2743 414 2808 milui
430 2741 541 2806 liceat:
568 2790 584 2822 „
597 2737 691 2803 Weun
713 2738 779 2802 6166
794 2736 850 2800 der
871 2735 1068 2802 docueruut
1089 2737 1237 2804 6661661666
1255 2737 1386 2806 8616666·-

208 2848 392 2918 6161616661
415 2845 700 2912 616661666666166
732 2843 912 2910 1661666666
934 2843 987 2908 des
1017 2841 1178 2910 Wobrlreit
1205 2845 1386 2912 66110166-

183 2993 187 2998 ·
210 2955 421 3032 fleoallclrmit
442 2950 855 3036 6661116661161611661191661
876 2949 930 3016 dos
948 2949 1270 3036 116161161661961661166
1293 2953 1385 3032 reiro,

213 3083 247 3130 66
275 3061 384 3149 quote
410 3061 586 3145 1619666161
619 3080 659 3123 66
693 3058 803 3139 huben,
825 3057 900 3124 dues
934 3060 970 3122 16
1002 3057 1133 3124 Velleius
1154 3061 1288 3144 66661966
1320 3059 1385 3126 siole

213 3170 426 3236 Solumca'cluclci
437 3166 528 3248 11616,
551 3167 598 3230 616
613 3165 806 3249 commupe
820 3165 1004 3244 Aufmohmc
1025 3163 1093 3230 6661
1115 3163 1311 3250 Wiedopcce
1333 3167 1386 3232 dea

213 3278 327 3344 11616
351 3275 456 3340 Redeo
481 3273 548 3338 6611
575 3271 707 3351 iborea,
731 3271 799 3336 dara
822 3271 1385 3356 Β6661166161161161,6666616166

212 3385 272 3452 dcu
304 3383 438 3450 Urlbcils
461 3383 563 3446 661666
586 3379 819 3446 Gesclbcloflf‘

320 3491 414 3576 Quae
437 3489 579 3556 666116
602 3487 726 3554 iuemnt
748 3488 881 3572 Romae,
907 3490 995 3552 certe
1017 3486 1200 3552 mirandum
1216 3492 1276 3572 est,
1301 3489 1387 3569 quod

167 3683 172 3692 .
211 3599 423 3678 recentiores,
447 3595 560 3676 paucis
584 3594 740 3675 exceptis,
764 3611 839 3660 666
862 3599 985 3660 616166
1008 3612 1117 3662 rerum
1141 3594 1290 3662 nordico
1306 3596 1387 3676 opti·

211 3725 300 3773 mum
323 3705 523 3784 iudicabant,
548 3700 605 3767 sed
627 3701 759 3766 616166
782 3719 854 3766 cum
878 3701 1021 3783 priorum
1045 3702 1295 3783 comparandum
1325 3703 1387 3769 sibi

213 3817 454 3896 persuaserant,
478 3817 624 3889 tempora
647 3812 757 3874 autem
779 3809 828 3874 rei
850 3809 1000 3891 publicae
1018 3809 1142 3876 liberae
1163 3809 1257 3891 quasi
1273 3815 1386 3878 uetera

212 3926 249 3987 et
271 3921 417 3985 obsoleta
453 3917 623 3982 ducebant.
656 3921 752 3981 tanta
783 3919 869 3984 enim
892 3918 980 3984 facta
1004 3920 1077 3982 erat
1097 3918 1325 4000 commutatio,
1349 3924 1387 3984 ut

213 4027 309 4093 multi
330 4026 388 4091 ills
408 4030 555 4104 tempora
570 4041 635 4089 uon
651 4023 723 4090 sine
739 4025 872 4090 horrore
887 4023 1026 4104 quodum
1041 4022 1302 4105 recordarentur,
1326 4043 1386 4091 sua

215 4139 323 4200 autem
346 4131 536 4217 laudarent,
568 4136 603 4198 et
625 4131 711 4211 quod
733 4133 794 4199 sub
818 4133 993 4208 Caesarum
1024 4129 1243 4212 dominatione
1273 4131 1386 4198 viuere

204 4241 277 4306 ‚sibi
301 4241 502 4324 contigisset,
526 4240 739 4307 vehementer
760 4238 950 4322 gauderent.
980 4235 1143 4303 Velleium
1167 4242 1276 4302 autem
1299 4236 1385 4303 idam
