3128 4846
713 306 888 367 ..49-

318 495 458 563 Proinde
489 497 694 580 particulam,
732 515 829 578 quam
868 496 983 578 optimi
1022 498 1197 577 scriptores
1224 514 1385 578 nusquam

198 606 275 672 ‘nisi
290 606 324 671 in
341 605 569 671 adhortatione
586 608 646 670 aut
661 605 695 685 in
719 604 961 685 comparatione
984 604 1214 689 adhibuerunt,
1240 604 1386 670 Velleius

198 713 277 778 alia
292 730 419 793 quoque
440 713 569 777 ratione
591 712 710 793 posuit.
735 714 763 775 2.
778 713 853 793 37,4
875 711 1011 791 proinde
1034 708 1234 796 (deswegen)
1258 729 1383 776 omnem

212 819 275 886 sibi
291 819 344 884 vel
360 818 531 884 adversam
546 819 600 885 vel
622 819 796 884 secundam
820 817 983 883 tortunam
1007 819 1208 884 tolerabilem
1232 817 1386 883 futuram.

320 941 387 1021 osa
403 950 453 1008 est
469 944 503 1008 in
526 961 562 1009 so
584 944 673 1025 weit,
697 943 731 1008 in
748 962 783 1008 so
806 943 887 1009 iarn.
911 945 940 1008 2.
955 946 1028 1027 37,2
1053 943 1211 1024 Tigranes
1234 961 1293 1009 rex
1316 943 1387 1008 eius

170 1121 173 1128 ,
211 1050 379 1134 ‚temporis
402 1049 466 1115 nisi
490 1067 554 1130 qua
568 1049 700 1115 Luculli
722 1050 821 1114 armis
844 1054 915 1114 erat
938 1049 1107 1132 intractus
1132 1049 1386 1132 potentissimus.
1482 1072 1484 1080 ·

210 1158 260 1222 ita
282 1157 472 1238 plerumque
494 1156 692 1222 recentiores
715 1156 800 1220 hanc
823 1155 1016 1237 particulam
1040 1155 1249 1221 admiserunt.

319 1279 451 1359 Quaado
475 1280 516 1366 (z
539 1279 590 1364 du,
606 1279 705 1364 weil).
722 1287 750 1346 2.
766 1284 837 1363 14,1
852 1285 922 1344 tum
935 1297 1111 1346 conversus
1123 1281 1224 1346 Drusi
1247 1282 1385 1364 animus,

212 1388 339 1469 quando
355 1388 437 1454 bene
460 1388 676 1468 inceptamale
714 1388 882 1453 cedebant.
907 1393 935 1452 2.
950 1391 1035 1468 526.
1060 1385 1133 1471 (pro
1157 1388 1286 1468 quando
1306 1389 1386 1454 Hal-

212 1495 296 1560 mius
333 1500 367 1560 et
390 1495 533 1560 Haasius
561 1513 653 1578 putatu
684 1491 764 1579 quod
792 1493 857 1576 legi
887 1492 1026 1576 volunt.)
1057 1495 1119 1559 hac
1148 1494 1387 1577 significatione

212 1602 341 1683 quando
369 1602 530 1683 particula
562 1600 648 1682 apud
676 1600 860 1666 Ciceronem
897 1605 950 1665 ter
979 1605 1096 1666 exstat.
1120 1599 1297 1684 (propriam
1320 1601 1387 1666 vim

214 1710 315 1774 habet
337 1709 424 1790 apud
447 1708 531 1773 Vell.
555 1710 681 1790 2.53,2.
707 1706 870 1791 2.126,3.)

320 1813 475 1894 Quatenus
498 1833 557 1896 pro
574 1815 651 1896 quia
673 1814 819 1880 invenies
842 1813 929 1894 apud
946 1814 1031 1878 solos
1054 1819 1231 1896 argenteae
1242 1815 1389 1880 latinite-
1452 1843 1455 1860 ·

208 1924 258 1989 tis
288 1923 471 2008 scriptores.
495 1923 577 1989 Vell.
603 1929 632 1987 2.
650 1927 726 2005 68,4
760 1926 922 2001 quatenus
945 1925 1056 1985 autem
1080 1921 1206 2001 aliquid
1228 1941 1268 1986 ex
1292 1923 1389 1988 omis-

209 2030 259 2096 sis
282 2035 404 2111 repeto.
428 2028 574 2114 (propria
598 2028 835 2110 significatione
857 2031 968 2092 exstat
991 2027 1160 2112 2.114,3.)

320 2135 384 2215 Qua
404 2136 489 2201 idem
505 2142 556 2201 est
571 2155 609 2201 ac
632 2154 760 2217 quoque
782 2135 823 2199 iis
847 2134 935 2217 lociS,
960 2134 1078 2214 quibus
1101 2153 1173 2200 cum
1196 2134 1293 2200 bodie
1316 2135 1389 2201 adv.

214 2243 421 2309 coniunctum
453 2249 511 2308 est.
540 2241 581 2327 (z
608 2243 691 2308 noch
723 2239 837 2324 heute)
877 2244 980 2323 1.4,2.
1011 2247 1045 2306 et
1075 2247 1102 2307 3.
1134 2247 1160 2307 1.
1179 2243 1259 2325 11‚3.
1284 2248 1312 2306 2.
1326 2245 1389 2325 8,3.

212 2357 242 2416 2.
256 2356 341 2433 25,4.
387 2357 415 2416 2.
430 2353 514 2434 27,5.
549 2352 677 2432 2.61,3.
713 2351 839 2432 2.81,2.
873 2350 1000 2431 2.98,1.
1037 2347 1093 2433 (ct.
1130 2349 1278 2431 Draeger
1312 2349 1389 2414 hist.

213 2458 339 2540 Syntax
361 2457 404 2522 Il.
428 2477 458 2538 p.
482 2455 549 2542 43.)

320 2582 377 2648 quc
391 2565 502 2630 eodem
525 2563 698 2644 modoque
722 2569 750 2627 ct
772 2565 1023 2630 transitionibus
1046 2563 1198 2646 inservit,
1223 2582 1296 2628 cum
1320 2581 1389 2630 sae-

212 2671 345 2752 pissime
373 2671 545 2737 enuntiata
567 2689 624 2754 pue
646 2671 808 2750 particula
831 2690 903 2738 oum
927 2670 1195 2736 antecedentibus
1216 2670 1388 2736 coniuncta

209 2779 289 2844 sint.
313 2779 353 2843 cl.
378 2782 407 2842 2.
421 2784 505 2861 652.
529 2784 558 2843 2.
573 2779 657 2860 66,2.
682 2783 710 2842 2.
725 2783 809 2861 69,6.
835 2781 863 2842 2.
877 2779 962 2861 872.
986 2783 1015 2844 2.
1031 2780 1136 2860 109,3.
1160 2777 1299 2858 saepius.

318 2903 374 2968 que
410 2902 481 2949 cum
513 2884 669 2964 quasdam
704 2885 892 2964 pronomine
926 2883 1021 2970 (acc.)
1060 2884 1266 2948 coniunctum
1301 2884 1389 2965 apud

210 2991 374 3057 Velleium
402 2991 506 3056 solum
528 2990 670 3060 inveniri
693 2991 842 3074 Draeger
872 2990 1054 3056 confirmat.
1079 2989 1168 3074 (hist.
1193 2989 1320 3071 syntax
1343 2991 1389 3055 II.

212 3118 244 3179 p.
262 3095 328 3182 35.)
352 3097 426 3180 (hae
449 3097 697 3178 compositiones
721 3098 902 3177 particulae
926 3115 988 3178 que
1016 3104 1050 3162 et
1072 3095 1272 3179 pronominis
1294 3097 1388 3162 relat.
1430 3165 1433 3170 ,

212 3205 310 3270 facile
333 3223 404 3270 cum
428 3205 553 3289 quisquc
584 3203 784 3284 pronominis
807 3203 920 3269 termis
956 3203 1110 3269 conlundi
1133 3207 1285 3284 possunt:
1320 3203 1391 3283 qui·

212 3330 277 3393 que
301 3314 427 3394 1.11,3.
444 3315 572 3393 2.20,5.
595 3313 744 3376 21131,
769 3315 917 3394 2.117,3.
942 3311 1099 3392 cuiusque
1123 3317 1151 3375 2.
1166 3311 1250 3392 eal:
1272 3310 1390 3391 cuique

215 3426 243 3485 2.
258 3423 342 3502 35,1.
366 3418 516 3506 quodque
542 3419 702 3498 2.113,2.‚
1167 3431 1172 3440 ·

319 3544 375 3609 pac
405 3543 463 3606 pro
493 3529 583 3608 atquc
609 3523 771 3605 particula
793 3524 943 3604 sequitur
965 3525 1075 3590 vocem
1100 3524 1234 3606 pariter.
1270 3525 1300 3588 2.
1313 3529 1389 3608 41,3

214 3637 249 3698 et
282 3631 406 3712 pariter
442 3631 483 3694 iis
520 3630 639 3695 terrori
667 3631 934 3712 venerationique
964 3637 1059 3697 esset.
1093 3636 1233 3714 2.120,6
1266 3631 1391 3712 pariter

212 3738 382 3822 sanguinis
405 3736 596 3816 cerebrique
618 3735 751 3802 effluvio
774 3736 948 3818 exspirare.

319 3842 468 3907 Protinus
496 3841 624 3926 (solent,
653 3841 813 3930 sogleich)
844 3843 920 3911 inde
948 3863 968 3910 a
996 3846 1091 3911 Livio
1121 3845 1155 3910 in
1179 3863 1242 3910 usu
1265 3844 1390 3912 versari

214 3952 330 4033 coepit
352 3950 436 4016 Vell.
461 3953 612 4032 2.’104,3.

319 4056 582 4141 Quia-quoquc,
604 4072 662 4135 pro
707 4055 920 4139 quin-otiam
958 4063 1075 4125 exstat.
1117 4061 1210 4144 1.9‚2
1262 4061 1291 4124 2.
1305 4060 1390 4142 94,4.

202 4166 277 4251 dita
298 4167 395 4249 roco.)

318 4269 454 4336 Subinde
484 4269 526 4355 (:
555 4268 687 4353 darauf)
719 4270 832 4335 Livius
856 4268 979 4348 primus
1004 4269 1096 4351 dixit,
1121 4269 1236 4351 deiude
1260 4271 1390 4351 saepius
