3128 4846
673 277 850 345 ...g--

167 487 230 552 pro
267 465 402 532 sordidis
435 469 525 534 solito
564 472 652 548 aaut,
688 467 781 530 etiem
818 467 853 529 ia
882 467 1021 532 oratione
1052 465 1132 550 qaod
1161 485 1272 532 novem
1295 471 1351 540 cot,

172 575 291 659 qaaerit
320 581 348 637 rt
370 575 458 638 owdo
488 574 617 658 carlom
646 573 736 637 carbo
763 579 852 657 etque
874 574 989 638 exoleto
1011 578 1130 637 reuocat
1152 592 1188 636 oo
1213 570 1350 655 profert,

171 679 260 744 oredo
286 683 372 766 fingit
402 689 429 746 at
457 682 564 766 ignoto
594 679 735 760 1111111111,
764 679 862 759 modo,
892 679 928 744 id
955 679 1034 766 quod
1066 699 1165 764 nuper
1188 679 1350 750 increbuit,

168 808 229 874 pro
250 789 334 852 cultu
355 788 482 853 tabam
504 787 612 852 cador
634 788 797 852 transduco
819 806 856 850 oo
870 785 1055 873 frequcra.“

279 896 419 962 Accedit
437 916 485 980 eo,
514 895 600 976 quod
624 895 690 960 illis
713 895 916 976 temporibus
939 913 980 960 ex
1003 893 1180 976 provinciis
1203 895 1352 960 urbibus·

172 1021 235 1084 que
247 1003 381 1068 remotis
394 1004 488 1068 multi
510 1002 656 1068 homines
678 1001 815 1066 Romam
839 1000 1056 1084 confluebant,
1081 1001 1137 1082 qui
1160 1019 1221 1066 sua
1244 1000 1351 1066 dicen·

173 1111 205 1175 di
229 1110 463 1176 consuetudine
486 1120 631 1176 veteram
644 1108 863 1172 Romanorum
887 1125 1067 1174 sermonem
1091 1109 1351 1188 corrumpebant.

173 1216 330 1298 imprimis
354 1221 463 1282 autem
487 1214 687 1282 Graecorum
711 1214 824 1295 lingua
846 1213 983 1278 latinam
1007 1214 1154 1296 lingnam
1177 1219 1351 1280 commuta

173 1329 239 1388 tam
264 1328 361 1403 atque
385 1322 598 1402 depravatam
622 1339 711 1402 esse,
736 1321 823 1386 inter
846 1338 957 1385 omnes
981 1327 1117 1386 constat.
1150 1340 1240 1402 Ι111111
1264 1339 1348 1402 curn,

171 1430 356 1512 quicunque
376 1429 496 1494 artium
509 1428 620 1494 studia
631 1427 852 1508 adamaverat,
865 1427 1003 1492 multum
1026 1427 1061 1492 in
1085 1427 1222 1494 Graecis
1244 1428 1351 1494 literis

171 1543 360 1603 versaretur
394 1539 493 1615 atque
532 1553 649 1617 graece
682 1535 883 1616 loqueretur,
920 1533 1080 1614 paulatim
1115 1535 1230 1615 multa,
1267 1551 1351 1614 quae

172 1643 304 1726 propria
328 1648 407 1708 sunt
429 1643 526 1707 huius
550 1641 683 1721 linguae
707 1641 748 1706 ed
771 1642 908 1706 latinam
931 1642 1075 1722 linguam
1101 1642 1295 1708 transibant.

281 1749 344 1815 Sed
375 1748 532 1828 expositis
563 1749 760 1822 summatim,
786 1747 904 1828 quibus
928 1748 1131 1829 potissimum
1156 1749 1282 1814 laboret
1304 1749 1350 1814 la-

172 1857 288 1922 tinitas
320 1861 478 1937 argentea
500 1855 600 1939 vitiis,
630 1855 671 1920 ad
700 1854 792 1936 illud,
817 1855 904 1936 qnod
927 1855 1153 1936 explicandum
1177 1855 1256 1920 mihi
1279 1874 1352 1936 pro·

174 1963 278 2046 posui,
297 1963 453 2045 venio,ut
477 1962 635 2042 quomodo
659 1981 731 2028 cum
753 1968 935 2042 temporum
959 1970 1029 2028 tum
1052 1963 1191 2028 maxime
1218 1964 1353 2044 linguae

173 2071 270 2135 ruina
304 2087 346 2136 cx
381 2067 492 2138 llelleli
518 2067 683 2136 Paterculi
723 2068 815 2136 libris
844 2069 995 2150 cognosci
1018 2070 1131 2153 possit,
1155 2075 1352 2149 perscruter.

174 2184 212 2243 ut
228 2195 374 2260 emagno
387 2176 582 2257 scriptorum
598 2195 742 2258 numero,
768 2177 824 2258 qui
848 2177 1012 2242 Caesarum
1029 2177 1228 2256 temporibus
1252 2176 1352 2242 libros

174 2302 381 2366 composuere
416 2283 575 2349 Velleium
611 2284 818 2350 Paterculum
853 2283 1058 2364 potissimum
1104 2283 1268 2366 eligerem,
1314 2302 1354 2348 ea

175 2390 1353 2474 maximeresnmpermotnS,quodilleprimusestscriptorilliusaetatis,

174 2499 310 2579 ideoque
331 2497 471 2578 pretium
493 2515 612 2578 operae
635 2514 706 2562 esse
729 2497 854 2578 putavi,
880 2507 1080 2580 argenteam,
1106 2504 1144 2562 ut
1166 2497 1214 2563 ita
1237 2498 1353 2578 dicam,

174 2605 372 2670 latinitatem
402 2605 500 2669 huius
532 2603 701 2684 scriptoris
733 2621 928 2686 cognoscere
957 2608 990 2668 et
1018 2621 1083 2668 non
1105 2604 1210 2669 solum
1235 2604 1354 2684 quibus

175 2713 209 2776 in
241 2713 339 2776 rebus
368 2712 408 2776 ab
433 2711 626 2794 optimorum
651 2711 846 2791 scriptorum
870 2709 997 2776 dicendi
1019 2710 1147 2776 ratione
1169 2699 1367 2792 abhorreat,

175 2818 235 2885 sed
263 2819 373 2899 etiam,
398 2836 482 2897 quae
506 2825 596 2883 esset
620 2817 766 2883 condicio
791 2818 911 2895 aetatis
934 2817 1014 2900 eine,
1039 2816 1270 2884 demonstrare.
1298 2818 1356 2884 sed

176 2925 255 3006 quia
283 2925 361 2988 1111111
395 2923 553 3004 persuasi,
577 2942 643 2988 non
667 2925 749 2989 satis
768 2924 849 2988 mihi
873 2943 945 2990 esse
967 2924 1086 2990 virium
1110 2925 1152 2989 ad
1174 2925 1265 2990 illam
1288 2944 1369 2992 rem·

178 3031 351 3112 diligenter
370 3037 468 3110 atque
492 3036 644 3095 accurate
668 3031 907 3112 perficiendam,
941 3031 1135 3111 praesertim
1170 3049 1243 3096 cum
1277 3051 1356 3113 pau·

178 3139 207 3204 ci
224 3137 329 3202 adhuc
341 3137 397 3202 tali
416 3136 525 3201 studio
537 3154 573 3202 se
587 3137 736 3202 dederint
753 3136 806 3221 (cf.
830 3137 1041 3222 Bernhardy,
1065 3138 1158 3202 Rbm.
1173 3139 1356 3204 Literatur·

179 3245 295 3310 Gesch.
319 3264 349 3327 p.
362 3241 440 3328 321)
465 3259 601 3324 quorum
617 3262 658 3308 ex
681 3245 834 3325 operibus
857 3242 986 3309 fructus
1001 3244 1036 3309 in
1053 3263 1105 3310 ma
1121 3245 1354 3327 redundarent,

178 3352 309 3418 veniam
332 3355 419 3434 peto,
443 3349 529 3430 quod
551 3350 618 3414 tale
641 3367 722 3432 opus
746 3349 880 3434 aggredi
904 3369 1003 3416 ausus
1027 3351 1098 3418 sim.

285 3461 334 3523 Ao
349 3455 489 3537 primum
506 3455 533 3521 sl
550 3457 636 3538 licet,
660 3457 774 3538 paucis
791 3457 969 3538 explicabo,
1002 3458 1271 3539 quamadmodum
1286 3458 1357 3523 illo-

177 3584 250 3630 rum
274 3569 455 3646 temporum
479 3567 609 3647 natura,
634 3582 730 3643 quam
758 3582 892 3644 prorsus
922 3563 1021 3628 aliam
1055 3570 1155 3646 alque
1186 3564 1291 3630 libera
1320 3582 1357 3632 re

178 3671 311 3751 publica
333 3669 434 3735 luisse
457 3669 586 3753 scimus,
612 3671 697 3751 apud
721 3670 881 3736 Velleium
894 3671 1104 3736 Paterculum
1129 3689 1257 3753 quoque
1283 3689 1356 3752 per·
1395 3657 1398 3664 ’

177 3778 347 3860 spiciatur,
372 3782 442 3841 tum
458 3776 574 3856 quibus
590 3777 626 3841 in
648 3778 748 3842 rebus
771 3778 811 3844 ab
828 3773 1023 3858 optimorum
1039 3777 1235 3858 scriptorum
1250 3779 1357 3843 elocu.

178 3884 268 3950 tione
291 3884 431 3964 differat,
455 3883 632 3950 videamus.

286 3989 367 4074 Quis
383 3991 561 4073 igiturest,
586 3991 739 4070 perlectis
755 3991 872 4056 Velleii
886 3991 1053 4056 Paterculi
1069 3990 1172 4074 libris,
1191 3991 1269 4071 quin
1284 4008 1357 4056 con·

177 4097 285 4180 cedat,
308 4095 541 4162 liberalitatem
564 4096 665 4178 illam,
691 4116 756 4178 qua
779 4097 905 4178 priores
929 4095 979 4160 usi
1003 4103 1089 4180 sunt,
1114 4095 1169 4178 qui
1186 4114 1251 4161 non
1267 4096 1357 4162 dubi·

178 4210 298 4289 tarent,
323 4221 533 4285 quaecunque
549 4203 749 4285 sentiebant,
773 4204 874 4269 libere
890 4203 1009 4286 dicere,
1032 4203 1162 4268 omnino
1177 4203 1266 4284 apud
1282 4222 1356 4270 eum
