3128 4846
701 315 878 376 ...13-

196 500 373 585 oredibilis,
390 505 636 575 inenarrabilis.
660 510 1018 592 magnificentissimum
1042 511 1219 594 claritudo,
1249 512 1372 596 fulgor3

198 609 350 692 eminere,
383 611 526 694 iulgere,
551 613 746 698 illuminare,
778 619 896 701 lucere,
926 619 1043 700 nitere,
1079 620 1266 702 praenitere,
1297 622 1370 688 alia.

196 735 334 796 quacum
362 737 398 784 ro
422 719 559 799 quodam
584 722 676 800 quasi
700 723 830 790 vinculo
859 727 1064 792 coniunctum
1088 731 1140 792 cst
1166 727 1252 806 quod
1274 721 1371 796 valde

197 823 383 891 delectatur
404 827 577 892 verborum
602 829 837 914 redundantia,
871 833 920 898 ita
947 837 985 898 ut
1012 838 1081 898 iere
1110 852 1239 915 semper
1270 853 1366 904 unam

195 949 263 996 rem
287 933 436 1013 pluribus
459 934 593 1000 vocibus
618 937 725 1016 eloqui
749 940 941 1022 assueverit,
966 946 1014 1004 ut:
1039 939 1155 1022 fugare
1179 959 1218 1005 ac
1234 940 1372 1008 tundere

198 1045 224 1106 1.
251 1045 313 1121 9,4.
352 1047 378 1107 1.
398 1046 480 1125 raa.
516 1048 545 1106 a
570 1048 654 1125 aaa
690 1050 816 1126 nana
852 1052 881 1112 a.
905 1050 990 1130 aaa.
1026 1053 1055 1114 a
1075 1052 1179 1130 rrae.
1207 1050 1368 1114 maximus

194 1148 481 1228 nobilissimusque
509 1154 535 1212 l.
560 1155 621 1231 9,5.
645 1151 752 1230 prisca
783 1152 841 1217 illa
864 1157 898 1218 et
921 1159 1015 1220 vetus
1040 1154 1204 1222 comoedia
1231 1160 1257 1220 1.
1285 1161 1367 1236 16,4.

194 1274 255 1320 nec
278 1256 449 1334 quisquam
461 1256 559 1321 ullius
571 1257 679 1336 gentis
702 1259 866 1324 hominum
891 1266 919 1326 2.
944 1266 1006 1343 4,3.
1022 1260 1136 1326 hirdus
1153 1267 1251 1341 atque
1266 1263 1370 1328 horri-

195 1365 256 1430 dus
281 1371 309 1429 2.
325 1369 408 1444 11,1.
432 1368 502 1444 etc,
528 1382 609 1444 quae
633 1382 686 1429 res
710 1365 759 1430 ita
781 1368 952 1448 perspicua
965 1374 1030 1448 est,
1054 1376 1092 1432 ut
1114 1369 1271 1449 exemplis
1295 1388 1368 1436 eam

192 1473 332 1553 probare
355 1485 632 1551 supervacaneum
656 1472 735 1538 mihi
758 1473 918 1540 videatur.

301 1578 396 1643 Adde
420 1579 505 1658 quod
528 1579 674 1644 Velleius
698 1580 796 1646 nimio
819 1580 876 1646 illo
901 1580 1083 1648 delectandi
1107 1583 1216 1648 studio
1251 1582 1371 1648 ductus

195 1691 229 1752 et
253 1704 382 1768 semper
406 1686 562 1752 orationis
586 1691 690 1768 gratae
714 1692 813 1767 atque
835 1687 984 1754 iucundae
1008 1689 1174 1757 studiosus
1190 1689 1368 1770 saepissime

194 1794 359 1859 contraria
383 1794 555 1860 contrariis
578 1795 682 1860 relert
705 1795 933 1862 et'sententiis
962 1795 1090 1877 argutis
1121 1796 1247 1864 animos
1271 1795 1369 1875 capit.

193 1902 286 1968 cuius
309 1919 436 1982 quoque
448 1903 496 1966 rei
519 1904 795 1984 parrcaexempla,
822 1921 893 1969 cum
909 1922 1186 1981 numeruscorum
1211 1903 1370 1986 sitmaxi·

193 2028 276 2091 mus,
302 2008 420 2074 alierrc
443 2007 522 2073 mihi
545 2009 651 2074 liceat.
678 2016 802 2091 1.12,2.
827 2010 930 2092 magis
948 2011 1028 2090 quia
1047 2011 1203 2078 volebant
1217 2009 1367 2090 Romani,

193 2116 351 2197 quidquid
383 2116 421 2181 de
445 2116 771 2196 Carthaginiensibus
800 2116 976 2198 diceretur,
1001 2117 1133 2184 credero
1165 2136 1261 2198 qnam
1291 2116 1371 2196 quia

193 2223 354 2288 credenda
377 2222 598 2288 afferebantur
622 2228 651 2286 2.
666 2227 718 2298 5,3
742 2227 870 2288 tantum
899 2222 1008 2290 effecit
1042 2242 1116 2304 spes
1140 2224 1368 2306 desperatione

193 2329 469 2412 quaestuaria
496 2334 654 2410 quantum
678 2329 762 2394 bello
788 2331 939 2412 optimus,
964 2335 1093 2397 tantum
1109 2348 1190 2411 pace
1206 2331 1370 2410 pessimus

192 2443 221 2501 2.
258 2442 333 2518 26,2
363 2437 396 2501 in
432 2455 495 2517 qna
530 2437 666 2502 civitate
700 2455 827 2518 semper
861 2437 1041 2504 virtutibus
1076 2442 1236 2504 certatum
1272 2445 1366 2518 erat,

191 2545 381 2609 certabatur
404 2544 591 2629 sceleribus
617 2544 822 2625 optimusque
846 2545 909 2610 sibi
944 2544 1136 2626 videbatur,
1173 2546 1229 2626 qui
1257 2545 1367 2610 iuerat

190 2651 351 2731 pessimus
375 2657 403 2715 2.
433 2655 518 2732 lan.
542 2652 704 2718 Lentulus
727 2652 821 2718 salva
844 2671 879 2716 re
902 2652 1034 2733 publica
1064 2654 1176 2718 salvus
1207 2670 1366 2724 essenon
1474 2639 1477 2651 '

190 2764 327 2839 poterat.
353 2764 380 2822 2.
399 2764 473 2838 58‚3
493 2759 658 2838 Pompeio,
675 2759 728 2824 cui
744 2759 892 2826 modoad
908 2759 1081 2826 victoriam
1097 2764 1186 2827 terra
1204 2757 1364 2838 doluerat,

191 2864 294 2930 defuit
317 2865 358 2928 ad
394 2866 603 2946 sepulturam.
639 2871 669 2946 2,
694 2870 769 2946 85,3
805 2866 979 2946 Antonine,
1016 2866 1072 2946 qui
1111 2866 1144 2930 in
1181 2865 1367 2934 desertores

187 2971 316 3035 saevire
333 2971 498 3050 debuerat,
524 2971 670 3038 desertor
686 2972 851 3038 exercitus
867 2971 916 3036 sui
942 2971 1050 3038 factus
1065 2979 1116 3038 est
1128 2979 1157 3038 2.
1172 2978 1256 3053 912.
1280 2971 1366 3052 quod

189 3077 224 3142 vi
249 3077 358 3143 iacere
381 3079 565 3159 voluerant,
597 3079 669 3145 iure
692 3079 781 3160 passi
816 3084 902 3146 sunt.
938 3085 1079 3161 21172
1103 3080 1212 3146 Varus
1237 3078 1366 3159 Syriam

189 3204 314 3266 pauper
338 3185 472 3252 divitem
485 3186 663 3268 ingressus,
689 3187 781 3254 dives
805 3205 981 3267 pauperem
1005 3186 1147 3266 reliquit.
1171 3186 1214 3251 al.
1260 3186 1363 3252 Porro

188 3293 335 3358 Velleius
359 3293 532 3372 aequalium
557 3294 738 3374 exemplum
773 3300 914 3376 secutus,
947 3294 1001 3373 qui
1036 3293 1201 3376 ingeniosi
1236 3311 1366 3372 semper

189 3404 288 3480 etque
311 3398 409 3466 faceti
432 3399 547 3466 haberi
569 3400 705 3484 vellent,
732 3407 769 3464 ut
786 3419 965 3466 sermonem
982 3401 1139 3482 omnibus,
1164 3399 1219 3479 qui
1243 3399 1361 3464 librum

189 3526 284 3577 suum
308 3507 471 3588 legebant,
496 3507 745 3590 commendaret,
771 3507 893 3574 crebris
917 3508 1091 3574 sententiis
1115 3525 1186 3573 eam
1203 3524 1363 3572 exornare

189 3614 350 3680 studebat.
386 3615 448 3692 hae
477 3619 584 3682 autem
613 3614 794 3680 sentcntiae
825 3614 911 3696 apud
935 3614 1099 3680 Velleium
1128 3603 1360 3685 inveniuntur:

189 3727 216 3790 1.
242 3728 271 3804 9,
298 3727 317 3786 6
342 3721 497 3786 adhaeret
520 3721 687 3788 altissimis
711 3721 844 3786 invidia.
893 3726 919 3786 1.
935 3726 986 3799 12,
1014 3728 1030 3785 7
1054 3721 1133 3788 adeo
1162 3721 1270 3788 odium
1294 3739 1362 3786 cer-

186 3829 364 3895 taminibus
400 3833 505 3892 ortum
543 3829 631 3892 ultra
661 3832 782 3894 metum
811 3826 908 3892 durat
930 3836 964 3894 et
987 3847 1028 3894 ne
1051 3828 1086 3892 in
1109 3827 1206 3894 victis
1231 3827 1361 3914 quidem

187 3937 369 4018 deponitur,
404 3954 510 4018 neque
544 3935 686 4000 invisum
721 3952 793 4000 esse
825 3933 932 4015 desiit,
969 3953 1065 4016 quam
1094 3953 1165 4000 csse
1200 3935 1305 4001 desiit.
1332 3940 1359 3998 l.

188 4050 262 4125 17,o
298 4043 359 4108 alit
393 4043 557 4107 aemulatio
592 4041 723 4124 ingenia
757 4044 791 4108 et
813 4059 899 4106 nunc
922 4040 1047 4108 invidia
1078 4059 1166 4108 nunc
1189 4040 1361 4106 admiratio

185 4151 402 4218 imitationem
423 4149 581 4216 accendit.
606 4154 703 4227 210,
731 4152 746 4210 l
773 4147 853 4212 odeo
882 4154 1002 4212 natura
1030 4167 1051 4214 a
1073 4148 1173 4214 rectis
1196 4147 1230 4211 in
1245 4164 1358 4228 prava,
1381 4169 1384 4173 ·

184 4277 205 4321 a
236 4258 347 4338 pravis
381 4257 415 4323 in
449 4257 542 4338 vitia,
579 4256 710 4320 avitiis
745 4257 779 4322 in
803 4256 984 4339 praecipitia
1018 4256 1215 4336 pervenitur.
1240 4259 1357 4335 2.11,3
