3128 4846
721 327 898 386 ..pp-

200 513 379 578 “meridiem
403 513 477 578 sita.
506 521 535 580 2.
552 520 647 600 Ι26,3
680 516 838 597 quidquid
867 518 1047 584 meridiano
1079 525 1136 585 aut
1170 524 1393 603 septentrione

211 618 326 684 finitur
349 619 387 684 cf.
411 621 495 686 Plin.
522 628 549 686 7.
563 628 638 704 2,17
662 623 697 687 iu
720 623 910 689 meridianis
933 625 1057 691 Indiae.

318 728 368 792 De
400 729 680 796 substantivorum
712 730 798 810 apud
832 730 994 797 Velleium
1026 751 1088 798 usu
1126 734 1207 800 haec
1245 734 1394 802 addenda

210 837 297 899 sunt.
320 836 422 900 verba
446 835 590 917 antiqua,
615 836 733 917 quibus
747 835 891 902 Velleius
915 856 994 904 usus
1018 844 1077 922 est,
1104 845 1182 906 sunt
1196 843 1286 907 haec.

318 938 502 1005 Domioiem
523 960 582 1022 pro
606 942 834 1026 dominatione,
857 943 1002 1023 imperio.
1033 951 1062 1010 2.
1075 951 1152 1029 80,4
1183 966 1293 1013 rerum
1320 967 1394 1014 sua·

212 1066 284 1112 rum
308 1046 427 1131 (Varro
451 1048 490 1114 R.
513 1050 552 1116 R.
582 1047 659 1133 2,6.)

319 1153 465 1237 1119111111
490 1161 518 1220 2.
532 1161 607 1237 85,2
633 1156 750 1221 classis
775 1154 873 1240 (Eun.
890 1156 1036 1242 Lucret.)

317 1262 494 1341 Antiquior
524 1261 629 1326 forma
659 1263 956 1346 substantivorum,
988 1283 1071 1345 quae
1103 1270 1223 1332 exeunt
1252 1269 1286 1332 in
1319 1267 1392 1332 tado

210 1368 263 1434 vel
286 1374 334 1430 tce
357 1369 502 1449 syllabas
526 1375 577 1434 est
599 1370 634 1434 in
656 1369 740 1435 tado.
765 1370 853 1450 apud
875 1371 1015 1450 optimos
1044 1374 1221 1454 scriptores
1252 1375 1391 1454 plerum-

209 1493 274 1555 que
295 1475 463 1541 invenitur
486 1475 591 1540 torma
612 1477 724 1542 intas.
748 1477 894 1543 Velleius
910 1478 1001 1543 illam
1017 1480 1186 1559 antiquam
1202 1481 1390 1560 praeferens

208 1582 289 1648 dicit
313 1583 474 1648 claritudo
505 1589 533 1648 2.
560 1588 643 1666 11,3.
668 1589 795 1666 2.17,2.
821 1589 974 1668 2.130,1.
1009 1585 1216 1651 necessitudo
1253 1593 1281 1652 2.
1307 1594 1391 1674 50,1.

209 1689 368 1754 celsitudo
394 1693 423 1755 2.
437 1694 521 1773 94,2.

316 1797 463 1862 Duorum
487 1797 770 1864 substantivorum
795 1815 900 1880 genus
925 1797 1091 1880 discrepat
1114 1799 1201 1880 apud
1228 1800 1390 1866 Velleium

201 1903 248 1968 ab
273 1903 395 1984 optima
417 1903 572 1984 loquendi
595 1903 839 1970 consuetudine:
864 1903 957 1966 linter
978 1903 1050 1970 lere
1072 1904 1231 1970 feminimi
1260 1908 1390 1988 generis

205 2015 268 2094 est,
285 2011 457 2076 masculini
472 2011 696 2076 tantummodo
709 2009 797 2090 apud
808 2011 926 2076 Tibull.
943 2017 974 2094 2,
989 2015 1074 2095 5‚34.
1090 2017 1123 2078 et
1140 2013 1215 2079 Vell
1241 2019 1390 2098 21012.

200 2114 271 2179 dies
280 2122 331 2182 est
346 2116 493 2182 feminini
505 2117 635 2199 generis
656 2120 683 2183 2.
699 2122 782 2201 18,2.
800 2124 829 2184 2.
842 2121 927 2198 21,1.
941 2123 970 2183 2.
984 2124 1068 2202 27,3.
1085 2121 1117 2186 2.
1130 2123 1217 2203 42,3.
1235 2124 1263 2186 2.
1278 2123 1388 2204 103,4.

205 2242 302 2288 masc.
326 2243 398 2306 geu.
423 2227 549 2305 2.76,6.
574 2226 853 2307 2,29,2.2.35,1.
879 2227 1028 2307 2,112,7.
1055 2223 1108 2309 (ci.
1132 2227 1257 2310 Reisig.
1292 2229 1388 2312 Ling.

207 2331 281 2396 Lat.
306 2331 347 2395 ed
369 2331 481 2396 Haase
504 2351 533 2412 p.
560 2336 632 2396 148.
656 2331 765 2396 adnot.
793 2331 879 2416 168.)

314 2436 455 2503 Formae
479 2457 560 2518 quas
571 2439 680 2503 rarius
696 2439 841 2520 reperies
855 2439 942 2520 apud
955 2442 1081 2504 ceteros
1100 2441 1287 2526 scriptores
1302 2449 1388 2508 sunt:

314 2545 413 2608 classi.
424 2546 498 2611 Abl.
515 2564 573 2626 pro
590 2546 702 2610 classe.
720 2547 748 2609 2.
764 2547 847 2628 79,2.
865 2541 984 2629 (classe
1001 2547 1132 2627 scripsit
1147 2545 1230 2613 Vell.
1248 2555 1276 2613 2.
1292 2549 1388 2631 79,1.)

314 2653 385 2736 ipae
407 2654 481 2718 Abl.
497 2671 556 2734 pro
579 2651 658 2734 igni.
684 2658 713 2717 2.
731 2650 849 2733 tear.
862 2653 975 2718 melior
987 2657 1022 2718 et
1033 2653 1187 2719 usitatior
1210 2659 1262 2720 est
1284 2655 1389 2720 forma

207 2759 284 2842 ipat,
310 2778 405 2838 quam
430 2778 558 2839 quoque
581 2759 774 2825 invenimus.
799 2765 828 2825 2.
844 2763 927 2843 74‚4.

315 2866 441 2945 iocipro
461 2865 527 2928 ioco
550 2871 580 2948 2,
596 2869 679 2949 67,4.
692 2867 751 2930 loci
765 2885 824 2947 pro
847 2865 913 2930 lece
928 2872 954 2930 1.
968 2870 1031 2950 4,6.
1056 2873 1206 2950 2.107,3.
1231 2875 1259 2934 2.
1277 2874 1386 2952 1082.

208 2977 238 3036 a.
253 2976 360 3053 urar.

309 3076 410 3161 plebei
432 3075 540 3143 Genit.
564 3083 704 3162 2.111,3
728 3077 852 3145 tribuni
876 3078 990 3160 plebei.

316 3185 418 3250 1111111
440 3204 498 3266 pro
514 3184 634 3266 plurali
650 3203 784 3250 numero
808 3187 943 3269 ceruices,
968 3205 1063 3268 quem
1084 3186 1197 3268 optimi
1213 3189 1389 3270 scriptores

211 3309 337 3374 semper
350 3295 601 3374 usurpaverunt.
615 3297 643 3357 2.
656 3297 718 3376 4,5.
743 3298 772 3358 2.
787 3297 849 3376 6,6.
874 3299 903 3359 2.
918 3298 1002 3376 69,2.
1028 3300 1056 3358 2.
1072 3300 1155 3379 70,2.
1192 3294 1247 3380 (11.
1273 3295 1388 3378 Quint.

209 3405 263 3484 8,3
288 3398 449 3464 cervicem
472 3399 606 3466 videtur
628 3398 826 3464 Hortensius
849 3400 974 3481 primus
1003 3399 1133 3486 dixisse,
1158 3421 1234 3468 nam
1259 3407 1388 3470 veteres

209 3506 381 3588 pluraliter
404 3504 638 3592 appellabant.)

316 3607 397 3678 llaec
409 3613 619 3680 substantiva
630 3613 799 3680 abstracta
811 3611 956 3680 Velleius
978 3613 1105 3695 primus
1120 3615 1240 3696 plurali
1252 3635 1388 3684 numero

209 3719 335 3802 posuit:
695 3717 699 3722 ’

318 3827 484 3911 conplexae.
523 3834 681 3914 2.123,2.
720 3829 926 3920 1111111112.
950 3831 1036 3912 33,4.
1067 3829 1231 3914 emptiones
1255 3833 1390 3914 2.81,3.

82 3993 85 3998 ,
157 3983 158 3987 1
210 3931 453 4002 iurisdictiones
477 3939 630 4020 a.117,4.

317 4164 503 4250 Adiectiva
539 4166 656 4248 quibus
690 4167 839 4234 Velleius
873 4165 998 4247 primus
1035 4165 1166 4232 videtur
1201 4185 1280 4234 usus
1315 4185 1387 4234 esse

211 4273 339 4352 repperi
361 4273 458 4340 haec:
