<?xml version="1.0" encoding="UTF-8"?>
<!DOCTYPE html PUBLIC "-//W3C//DTD XHTML 1.0 Transitional//EN"
    "http://www.w3.org/TR/xhtml1/DTD/xhtml1-transitional.dtd">
<html xmlns="http://www.w3.org/1999/xhtml" xml:lang="en" lang="en">
 <head>
  <title>
</title>
<meta http-equiv="Content-Type" content="text/html;charset=utf-8" />
  <meta name='ocr-system' content='tesseract 3.04.00' />
  <meta name='ocr-capabilities' content='ocr_page ocr_carea ocr_par ocr_line ocrx_word'/>
</head>
<body>
  <div class='ocr_page' id='page_1' title='image "./quaestionesgram00feligoog_0065.png"; bbox 0 0 3128 4846; ppageno 0'>
   <div class='ocr_carea' id='block_1_1' title="bbox 653 283 828 347">
    <p class='ocr_par' dir='ltr' id='par_1_1' title="bbox 653 283 828 347">
     <span class='ocr_line' id='line_1_1' title="bbox 653 283 828 347; baseline -0.011 -17"><span class='ocrx_word' id='word_1_1' title='bbox 653 283 828 347; x_wconf 74' lang='lat'>..53-</span> 
     </span>
    </p>
   </div>
   <div class='ocr_carea' id='block_1_2' title="bbox 150 470 1346 780">
    <p class='ocr_par' dir='ltr' id='par_1_2' title="bbox 150 470 1346 780">
     <span class='ocr_line' id='line_1_2' title="bbox 257 470 1341 562; baseline -0.015 -13"><span class='ocrx_word' id='word_1_2' title='bbox 257 482 365 549; x_wconf 85' lang='lat' dir='ltr'>Affert</span> <span class='ocrx_word' id='word_1_3' title='bbox 387 483 444 549; x_wconf 86' lang='lat' dir='ltr'>illo</span> <span class='ocrx_word' id='word_1_4' title='bbox 467 482 607 562; x_wconf 90' lang='lat' dir='ltr'>primum</span> <span class='ocrx_word' id='word_1_5' title='bbox 630 477 804 544; x_wconf 90' lang='lat' dir='ltr'>nonnullos</span> <span class='ocrx_word' id='word_1_6' title='bbox 834 477 929 556; x_wconf 88' lang='lat' dir='ltr'>locos,</span> <span class='ocrx_word' id='word_1_7' title='bbox 954 473 1074 556; x_wconf 92' lang='lat' dir='ltr'>quibus</span> <span class='ocrx_word' id='word_1_8' title='bbox 1098 471 1237 552; x_wconf 76' lang='lat' dir='ltr'>simplex</span> <span class='ocrx_word' id='word_1_9' title='bbox 1261 470 1341 534; x_wconf 86' lang='lat' dir='ltr'>snb·</span> 
     </span>
     <span class='ocr_line' id='line_1_3' title="bbox 150 577 1346 667; baseline -0.016 -8"><span class='ocrx_word' id='word_1_10' title='bbox 150 592 228 659; x_wconf 90' lang='lat' dir='ltr'>iectl</span> <span class='ocrx_word' id='word_1_11' title='bbox 254 597 288 656; x_wconf 88' lang='lat' dir='ltr'>et</span> <span class='ocrx_word' id='word_1_12' title='bbox 315 589 433 655; x_wconf 88' lang='lat' dir='ltr'>obiecti</span> <span class='ocrx_word' id='word_1_13' title='bbox 457 589 543 655; x_wconf 89' lang='lat' dir='ltr'>ratio</span> <span class='ocrx_word' id='word_1_14' title='bbox 568 584 802 667; x_wconf 89' lang='lat' dir='ltr'>quodammodo</span> <span class='ocrx_word' id='word_1_15' title='bbox 824 585 1001 650; x_wconf 87' lang='lat' dir='ltr'>obscurata</span> <span class='ocrx_word' id='word_1_16' title='bbox 1022 584 1074 646; x_wconf 89' lang='lat' dir='ltr'>est</span> <span class='ocrx_word' id='word_1_17' title='bbox 1097 583 1155 644; x_wconf 89' lang='lat' dir='ltr'>aut</span> <span class='ocrx_word' id='word_1_18' title='bbox 1170 577 1346 660; x_wconf 53' lang='lat' dir='ltr'>impedita,</span> 
     </span>
     <span class='ocr_line' id='line_1_4' title="bbox 151 684 1338 780; baseline -0.014 -15"><span class='ocrx_word' id='word_1_19' title='bbox 151 699 193 765; x_wconf 87' lang='lat' dir='ltr'>cf.</span> <span class='ocrx_word' id='word_1_20' title='bbox 210 703 236 764; x_wconf 90' lang='grc'><strong>1.</strong></span> <span class='ocrx_word' id='word_1_21' title='bbox 251 703 305 780; x_wconf 72' lang='grc'>4,2</span> <span class='ocrx_word' id='word_1_22' title='bbox 331 696 503 776; x_wconf 89' lang='lat' dir='ltr'>utriusque</span> <span class='ocrx_word' id='word_1_23' title='bbox 526 691 751 760; x_wconf 84' lang='lat' dir='ltr'>urbiseximia</span> <span class='ocrx_word' id='word_1_24' title='bbox 775 708 902 771; x_wconf 80' lang='lat' dir='ltr'>semper</span> <span class='ocrx_word' id='word_1_25' title='bbox 924 690 957 754; x_wconf 94' lang='lat' dir='ltr'>in</span> <span class='ocrx_word' id='word_1_26' title='bbox 980 688 1144 754; x_wconf 86' lang='lat' dir='ltr'>Romanos</span> <span class='ocrx_word' id='word_1_27' title='bbox 1160 685 1241 752; x_wconf 88' lang='lat' dir='ltr'>fides</span> <span class='ocrx_word' id='word_1_28' title='bbox 1257 684 1338 750; x_wconf 84' lang='lat' dir='ltr'>iacit</span> 
     </span>
    </p>
   </div>
   <div class='ocr_carea' id='block_1_3' title="bbox 151 792 1352 4303">
    <p class='ocr_par' dir='ltr' id='par_1_3' title="bbox 151 792 1338 992">
     <span class='ocr_line' id='line_1_5' title="bbox 151 792 1338 882; baseline -0.013 -11"><span class='ocrx_word' id='word_1_29' title='bbox 151 825 207 872; x_wconf 86' lang='lat' dir='ltr'>eas</span> <span class='ocrx_word' id='word_1_30' title='bbox 238 804 413 870; x_wconf 86' lang='lat' dir='ltr'>nobilitate</span> <span class='ocrx_word' id='word_1_31' title='bbox 446 807 545 882; x_wconf 88' lang='lat' dir='ltr'>atque</span> <span class='ocrx_word' id='word_1_32' title='bbox 576 799 774 864; x_wconf 90' lang='lat' dir='ltr'>amoenitate</span> <span class='ocrx_word' id='word_1_33' title='bbox 804 816 864 863; x_wconf 86' lang='lat' dir='ltr'>sua</span> <span class='ocrx_word' id='word_1_34' title='bbox 896 796 1110 878; x_wconf 85' lang='lat' dir='ltr'>dignissimas.</span> <span class='ocrx_word' id='word_1_35' title='bbox 1135 797 1233 874; x_wconf 76' lang='grc'><strong>2.4,4</strong></span> <span class='ocrx_word' id='word_1_36' title='bbox 1274 792 1338 867; x_wconf 88' lang='lat' dir='ltr'>bic,</span> 
     </span>
     <span class='ocr_line' id='line_1_6' title="bbox 152 901 1334 992; baseline -0.014 -14"><span class='ocrx_word' id='word_1_37' title='bbox 152 932 225 978; x_wconf 91' lang='lat' dir='ltr'>eum</span> <span class='ocrx_word' id='word_1_38' title='bbox 240 913 463 992; x_wconf 85' lang='lat' dir='ltr'>interrogante</span> <span class='ocrx_word' id='word_1_39' title='bbox 470 909 599 974; x_wconf 88' lang='lat' dir='ltr'>tribuno</span> <span class='ocrx_word' id='word_1_40' title='bbox 606 908 762 987; x_wconf 85' lang='lat' dir='ltr'>Carbone,</span> <span class='ocrx_word' id='word_1_41' title='bbox 779 903 958 986; x_wconf 80' lang='lat' dir='ltr'><strong>respondit.</strong></span> <span class='ocrx_word' id='word_1_42' title='bbox 970 913 999 968; x_wconf 86' lang='grc'><strong>2.</strong></span> <span class='ocrx_word' id='word_1_43' title='bbox 1014 901 1334 986; x_wconf 62' lang='lat' dir='ltr'>attrabatas</span> 
     </span>
    </p>

    <p class='ocr_par' dir='ltr' id='par_1_4' title="bbox 152 1007 1343 1954">
     <span class='ocr_line' id='line_1_7' title="bbox 261 1007 1343 1102; baseline -0.012 -20"><span class='ocrx_word' id='word_1_44' title='bbox 261 1018 369 1083; x_wconf 90' lang='lat' dir='ltr'>Aliam</span> <span class='ocrx_word' id='word_1_45' title='bbox 393 1016 551 1080; x_wconf 88' lang='lat' dir='ltr'>sermonis</span> <span class='ocrx_word' id='word_1_46' title='bbox 575 1013 746 1078; x_wconf 82' lang='lat' dir='ltr'>familiaris</span> <span class='ocrx_word' id='word_1_47' title='bbox 770 1010 1036 1078; x_wconf 81' lang='lat' dir='ltr'>consuetudinem</span> <span class='ocrx_word' id='word_1_48' title='bbox 1061 1010 1095 1074; x_wconf 89' lang='lat' dir='ltr'>in</span> <span class='ocrx_word' id='word_1_49' title='bbox 1119 1027 1158 1074; x_wconf 86' lang='lat' dir='ltr'>ea</span> <span class='ocrx_word' id='word_1_50' title='bbox 1181 1027 1217 1074; x_wconf 90' lang='lat' dir='ltr'>re</span> <span class='ocrx_word' id='word_1_51' title='bbox 1240 1007 1343 1102; x_wconf 44' lang='lat' dir='ltr'>cerniu</span> 
     </span>
     <span class='ocr_line' id='line_1_8' title="bbox 152 1113 1328 1204; baseline -0.014 -13"><span class='ocrx_word' id='word_1_52' title='bbox 152 1126 227 1191; x_wconf 87' lang='lat' dir='ltr'>vult</span> <span class='ocrx_word' id='word_1_53' title='bbox 250 1123 409 1204; x_wconf 82' lang='lat' dir='ltr'>Kritzius,</span> <span class='ocrx_word' id='word_1_54' title='bbox 433 1123 518 1202; x_wconf 89' lang='lat' dir='ltr'>quod</span> <span class='ocrx_word' id='word_1_55' title='bbox 541 1122 594 1188; x_wconf 88' lang='lat' dir='ltr'>vel</span> <span class='ocrx_word' id='word_1_56' title='bbox 617 1118 741 1200; x_wconf 83' lang='lat' dir='ltr'>aliquid</span> <span class='ocrx_word' id='word_1_57' title='bbox 771 1117 933 1184; x_wconf 85' lang='lat' dir='ltr'>redundat</span> <span class='ocrx_word' id='word_1_58' title='bbox 959 1117 1016 1182; x_wconf 84' lang='lat' dir='ltr'>vel</span> <span class='ocrx_word' id='word_1_59' title='bbox 1044 1115 1161 1197; x_wconf 88' lang='lat' dir='ltr'>deficit,</span> <span class='ocrx_word' id='word_1_60' title='bbox 1193 1113 1250 1180; x_wconf 84' lang='lat' dir='ltr'>sed</span> <span class='ocrx_word' id='word_1_61' title='bbox 1279 1113 1328 1176; x_wconf 86' lang='lat' dir='ltr'>ita</span> 
     </span>
     <span class='ocr_line' id='line_1_9' title="bbox 154 1220 1336 1311; baseline -0.011 -15"><span class='ocrx_word' id='word_1_62' title='bbox 154 1236 192 1296; x_wconf 94' lang='lat' dir='ltr'>ut</span> <span class='ocrx_word' id='word_1_63' title='bbox 212 1248 318 1311; x_wconf 91' lang='lat' dir='ltr'>neque</span> <span class='ocrx_word' id='word_1_64' title='bbox 340 1230 398 1293; x_wconf 92' lang='lat' dir='ltr'>illa</span> <span class='ocrx_word' id='word_1_65' title='bbox 422 1228 550 1293; x_wconf 87' lang='lat' dir='ltr'>dicendi</span> <span class='ocrx_word' id='word_1_66' title='bbox 567 1228 660 1308; x_wconf 86' lang='lat' dir='ltr'>copia</span> <span class='ocrx_word' id='word_1_67' title='bbox 676 1244 781 1306; x_wconf 89' lang='lat' dir='ltr'>neque</span> <span class='ocrx_word' id='word_1_68' title='bbox 795 1227 875 1290; x_wconf 76' lang='lat' dir='ltr'>llaec</span> <span class='ocrx_word' id='word_1_69' title='bbox 896 1223 1158 1304; x_wconf 81' lang='lat' dir='ltr'>breviloquentia</span> <span class='ocrx_word' id='word_1_70' title='bbox 1175 1220 1336 1302; x_wconf 88' lang='lat' dir='ltr'>appellari</span> 
     </span>
     <span class='ocr_line' id='line_1_10' title="bbox 152 1331 1336 1418; baseline -0.006 -17"><span class='ocrx_word' id='word_1_71' title='bbox 152 1337 264 1418; x_wconf 90' lang='lat' dir='ltr'>possit.</span> <span class='ocrx_word' id='word_1_72' title='bbox 290 1335 329 1401; x_wconf 81' lang='lat' dir='ltr'>cl.</span> <span class='ocrx_word' id='word_1_73' title='bbox 343 1342 372 1402; x_wconf 87' lang='grc'><strong>2.</strong></span> <span class='ocrx_word' id='word_1_74' title='bbox 388 1340 465 1418; x_wconf 82' lang='lat'>49‚5</span> <span class='ocrx_word' id='word_1_75' title='bbox 482 1340 520 1399; x_wconf 90' lang='lat' dir='ltr'>ut</span> <span class='ocrx_word' id='word_1_76' title='bbox 536 1334 654 1400; x_wconf 89' lang='lat' dir='ltr'>deinde</span> <span class='ocrx_word' id='word_1_77' title='bbox 671 1332 791 1415; x_wconf 89' lang='lat' dir='ltr'>spretis</span> <span class='ocrx_word' id='word_1_78' title='bbox 808 1332 966 1413; x_wconf 87' lang='lat' dir='ltr'>omnibus,</span> <span class='ocrx_word' id='word_1_79' title='bbox 984 1349 1070 1414; x_wconf 89' lang='lat' dir='ltr'>quae</span> <span class='ocrx_word' id='word_1_80' title='bbox 1086 1331 1207 1398; x_wconf 82' lang='lat' dir='ltr'>Caesar</span> <span class='ocrx_word' id='word_1_81' title='bbox 1225 1333 1336 1408; x_wconf 89' lang='lat' dir='ltr'>postu·</span> 
     </span>
     <span class='ocr_line' id='line_1_11' title="bbox 154 1436 1340 1527; baseline -0.008 -16"><span class='ocrx_word' id='word_1_82' title='bbox 154 1445 293 1527; x_wconf 85' lang='lat' dir='ltr'>laverat,</span> <span class='ocrx_word' id='word_1_83' title='bbox 307 1441 517 1505; x_wconf 68' lang='lat' dir='ltr'>tantammodo</span> <span class='ocrx_word' id='word_1_84' title='bbox 529 1446 686 1506; x_wconf 73' lang='lat' dir='ltr'>antemos</span> <span class='ocrx_word' id='word_1_85' title='bbox 698 1459 770 1506; x_wconf 90' lang='lat' dir='ltr'>cum</span> <span class='ocrx_word' id='word_1_86' title='bbox 782 1459 847 1504; x_wconf 90' lang='lat' dir='ltr'>una</span> <span class='ocrx_word' id='word_1_87' title='bbox 863 1439 990 1521; x_wconf 83' lang='lat' dir='ltr'>legione</span> <span class='ocrx_word' id='word_1_88' title='bbox 1006 1438 1137 1503; x_wconf 89' lang='lat' dir='ltr'>titulum</span> <span class='ocrx_word' id='word_1_89' title='bbox 1150 1436 1340 1517; x_wconf 88' lang='lat' dir='ltr'>provinciae</span> 
     </span>
     <span class='ocr_line' id='line_1_12' title="bbox 153 1544 1339 1631; baseline -0.008 -15"><span class='ocrx_word' id='word_1_90' title='bbox 153 1551 296 1616; x_wconf 87' lang='lat' dir='ltr'>retinere</span> <span class='ocrx_word' id='word_1_91' title='bbox 314 1549 467 1615; x_wconf 87' lang='lat' dir='ltr'>decrevit.</span> <span class='ocrx_word' id='word_1_92' title='bbox 485 1551 515 1613; x_wconf 82' lang='lat'>2.</span> <span class='ocrx_word' id='word_1_93' title='bbox 530 1551 581 1631; x_wconf 82' lang='lat'>7,7</span> <span class='ocrx_word' id='word_1_94' title='bbox 610 1548 646 1612; x_wconf 92' lang='lat' dir='ltr'>in</span> <span class='ocrx_word' id='word_1_95' title='bbox 661 1547 790 1628; x_wconf 87' lang='lat' dir='ltr'>legibus</span> <span class='ocrx_word' id='word_1_96' title='bbox 808 1545 966 1612; x_wconf 82' lang='lat' dir='ltr'>Graecclri</span> <span class='ocrx_word' id='word_1_97' title='bbox 981 1547 1069 1610; x_wconf 87' lang='lat' dir='ltr'>inter</span> <span class='ocrx_word' id='word_1_98' title='bbox 1090 1544 1339 1611; x_wconf 67' lang='lat' dir='ltr'>sterniciosissl.</span> 
     </span>
     <span class='ocr_line' id='line_1_13' title="bbox 157 1651 1338 1736; baseline -0.006 -14"><span class='ocrx_word' id='word_1_99' title='bbox 157 1675 211 1722; x_wconf 91' lang='lat' dir='ltr'>ma</span> <span class='ocrx_word' id='word_1_100' title='bbox 234 1656 482 1722; x_wconf 85' lang='lat' dir='ltr'>numeraverim.</span> <span class='ocrx_word' id='word_1_101' title='bbox 507 1656 626 1735; x_wconf 84' lang='lat'>1.10,5</span> <span class='ocrx_word' id='word_1_102' title='bbox 651 1673 726 1718; x_wconf 89' lang='lat' dir='ltr'>nam</span> <span class='ocrx_word' id='word_1_103' title='bbox 749 1653 889 1718; x_wconf 88' lang='lat' dir='ltr'>alterum</span> <span class='ocrx_word' id='word_1_104' title='bbox 914 1670 955 1718; x_wconf 86' lang='lat' dir='ltr'>ex</span> <span class='ocrx_word' id='word_1_105' title='bbox 980 1653 1058 1736; x_wconf 79' lang='lat' dir='ltr'>suiS,</span> <span class='ocrx_word' id='word_1_106' title='bbox 1084 1670 1164 1734; x_wconf 88' lang='lat' dir='ltr'>quos</span> <span class='ocrx_word' id='word_1_107' title='bbox 1189 1653 1222 1718; x_wconf 89' lang='lat' dir='ltr'>in</span> <span class='ocrx_word' id='word_1_108' title='bbox 1246 1651 1338 1716; x_wconf 83' lang='lat' dir='ltr'>fauri-</span> 
     </span>
     <span class='ocr_line' id='line_1_14' title="bbox 155 1762 1338 1846; baseline -0.005 -16"><span class='ocrx_word' id='word_1_109' title='bbox 155 1766 199 1831; x_wconf 90' lang='lat' dir='ltr'>lla</span> <span class='ocrx_word' id='word_1_110' title='bbox 208 1765 403 1846; x_wconf 85' lang='lat' dir='ltr'>retinuerat,</span> <span class='ocrx_word' id='word_1_111' title='bbox 424 1762 536 1827; x_wconf 89' lang='lat' dir='ltr'>liberis</span> <span class='ocrx_word' id='word_1_112' title='bbox 550 1762 668 1827; x_wconf 88' lang='lat' dir='ltr'>amisit.</span> <span class='ocrx_word' id='word_1_113' title='bbox 678 1765 772 1843; x_wconf 78' lang='lat' dir='ltr'>2.7‚l.</span> <span class='ocrx_word' id='word_1_114' title='bbox 786 1768 814 1826; x_wconf 93' lang='grc'><strong>2.</strong></span> <span class='ocrx_word' id='word_1_115' title='bbox 828 1767 890 1845; x_wconf 89' lang='grc'><strong>6,3.</strong></span> <span class='ocrx_word' id='word_1_116' title='bbox 904 1767 932 1826; x_wconf 92' lang='grc'><strong>2.</strong></span> <span class='ocrx_word' id='word_1_117' title='bbox 947 1766 1031 1843; x_wconf 87' lang='grc'><strong>96,3.</strong></span> <span class='ocrx_word' id='word_1_118' title='bbox 1047 1766 1074 1825; x_wconf 94' lang='lat' dir='ltr'>l.</span> <span class='ocrx_word' id='word_1_119' title='bbox 1090 1763 1195 1843; x_wconf 87' lang='lat'>104,1.</span> <span class='ocrx_word' id='word_1_120' title='bbox 1209 1766 1237 1824; x_wconf 94' lang='grc'><strong>2.</strong></span> <span class='ocrx_word' id='word_1_121' title='bbox 1252 1765 1338 1840; x_wconf 86' lang='grc'><strong>39,6.</strong></span> 
     </span>
     <span class='ocr_line' id='line_1_15' title="bbox 159 1876 279 1954; baseline -0.025 -17"><span class='ocrx_word' id='word_1_122' title='bbox 159 1878 190 1937; x_wconf 80' lang='lat' dir='ltr'>a.</span> <span class='ocrx_word' id='word_1_123' title='bbox 204 1876 279 1954; x_wconf 68' lang='lat' dir='ltr'>aba</span> 
     </span>
    </p>

    <p class='ocr_par' dir='ltr' id='par_1_5' title="bbox 159 1973 1340 2382">
     <span class='ocr_line' id='line_1_16' title="bbox 265 1973 1340 2056; baseline -0.002 -14"><span class='ocrx_word' id='word_1_124' title='bbox 265 1978 348 2042; x_wconf 78' lang='lat' dir='ltr'>Tum</span> <span class='ocrx_word' id='word_1_125' title='bbox 371 1975 452 2040; x_wconf 86' lang='lat' dir='ltr'>dicit</span> <span class='ocrx_word' id='word_1_126' title='bbox 475 1975 632 2040; x_wconf 88' lang='lat' dir='ltr'>sermonis</span> <span class='ocrx_word' id='word_1_127' title='bbox 656 1974 827 2040; x_wconf 74' lang='lat' dir='ltr'>familiaris</span> <span class='ocrx_word' id='word_1_128' title='bbox 843 1974 987 2056; x_wconf 89' lang='lat' dir='ltr'>vestigia</span> <span class='ocrx_word' id='word_1_129' title='bbox 1003 1973 1037 2040; x_wconf 94' lang='lat' dir='ltr'>in</span> <span class='ocrx_word' id='word_1_130' title='bbox 1052 1976 1225 2041; x_wconf 88' lang='lat' dir='ltr'>verborum</span> <span class='ocrx_word' id='word_1_131' title='bbox 1242 1975 1340 2040; x_wconf 88' lang='lat' dir='ltr'>collo·</span> 
     </span>
     <span class='ocr_line' id='line_1_17' title="bbox 159 2080 1338 2165; baseline -0.003 -15"><span class='ocrx_word' id='word_1_132' title='bbox 159 2084 288 2150; x_wconf 88' lang='lat' dir='ltr'>catione</span> <span class='ocrx_word' id='word_1_133' title='bbox 313 2101 483 2165; x_wconf 88' lang='lat' dir='ltr'>apparere,</span> <span class='ocrx_word' id='word_1_134' title='bbox 508 2082 543 2147; x_wconf 86' lang='lat' dir='ltr'>id</span> <span class='ocrx_word' id='word_1_135' title='bbox 566 2081 652 2161; x_wconf 88' lang='lat' dir='ltr'>quod</span> <span class='ocrx_word' id='word_1_136' title='bbox 667 2100 739 2147; x_wconf 89' lang='lat' dir='ltr'>mea</span> <span class='ocrx_word' id='word_1_137' title='bbox 762 2080 890 2161; x_wconf 90' lang='lat' dir='ltr'>quidem</span> <span class='ocrx_word' id='word_1_138' title='bbox 914 2082 1079 2147; x_wconf 86' lang='lat' dir='ltr'>sententia</span> <span class='ocrx_word' id='word_1_139' title='bbox 1110 2082 1232 2146; x_wconf 90' lang='lat' dir='ltr'>rectius</span> <span class='ocrx_word' id='word_1_140' title='bbox 1263 2101 1338 2162; x_wconf 93' lang='lat' dir='ltr'>poe-</span> 
     </span>
     <span class='ocr_line' id='line_1_18' title="bbox 164 2185 1338 2272; baseline 0 -18"><span class='ocrx_word' id='word_1_141' title='bbox 164 2195 271 2256; x_wconf 90' lang='lat' dir='ltr'>tarum</span> <span class='ocrx_word' id='word_1_142' title='bbox 295 2189 473 2254; x_wconf 84' lang='lat' dir='ltr'>imitationi</span> <span class='ocrx_word' id='word_1_143' title='bbox 497 2188 666 2255; x_wconf 84' lang='lat' dir='ltr'>tribuitur.</span> <span class='ocrx_word' id='word_1_144' title='bbox 701 2187 755 2272; x_wconf 85' lang='lat' dir='ltr'>(cf.</span> <span class='ocrx_word' id='word_1_145' title='bbox 779 2206 878 2268; x_wconf 89' lang='lat' dir='ltr'>supra</span> <span class='ocrx_word' id='word_1_146' title='bbox 892 2205 922 2269; x_wconf 91' lang='lat' dir='ltr'>p·</span> <span class='ocrx_word' id='word_1_147' title='bbox 932 2185 999 2271; x_wconf 88' lang='grc'><strong>23.)</strong></span> <span class='ocrx_word' id='word_1_148' title='bbox 1023 2190 1063 2252; x_wconf 88' lang='lat' dir='ltr'>cl.</span> <span class='ocrx_word' id='word_1_149' title='bbox 1087 2195 1193 2270; x_wconf 89' lang='grc'><strong>2.1,3.</strong></span> <span class='ocrx_word' id='word_1_150' title='bbox 1221 2194 1338 2272; x_wconf 86' lang='grc'><strong>1.13,4</strong></span> 
     </span>
     <span class='ocr_line' id='line_1_19' title="bbox 160 2297 714 2382; baseline -0.004 -19"><span class='ocrx_word' id='word_1_151' title='bbox 160 2304 188 2363; x_wconf 81' lang='grc'><strong>2.</strong></span> <span class='ocrx_word' id='word_1_152' title='bbox 203 2303 288 2382; x_wconf 84' lang='grc'><strong>50,1.</strong></span> <span class='ocrx_word' id='word_1_153' title='bbox 311 2297 451 2380; x_wconf 85' lang='grc'><strong>2.100,1</strong></span> <span class='ocrx_word' id='word_1_154' title='bbox 478 2298 628 2378; x_wconf 86' lang='grc'><strong>2.111,3.</strong></span> <span class='ocrx_word' id='word_1_155' title='bbox 653 2300 714 2361; x_wconf 84' lang='lat' dir='ltr'>etc.</span> 
     </span>
    </p>

    <p class='ocr_par' dir='ltr' id='par_1_6' title="bbox 159 2402 1341 2698">
     <span class='ocr_line' id='line_1_20' title="bbox 266 2402 1338 2470; baseline -0.002 -1"><span class='ocrx_word' id='word_1_156' title='bbox 266 2403 331 2470; x_wconf 80' lang='lat' dir='ltr'>Sed</span> <span class='ocrx_word' id='word_1_157' title='bbox 354 2403 419 2468; x_wconf 92' lang='lat' dir='ltr'>iam</span> <span class='ocrx_word' id='word_1_158' title='bbox 445 2403 513 2468; x_wconf 86' lang='lat' dir='ltr'>dixi</span> <span class='ocrx_word' id='word_1_159' title='bbox 537 2403 686 2468; x_wconf 90' lang='lat' dir='ltr'>omnibus</span> <span class='ocrx_word' id='word_1_160' title='bbox 710 2421 750 2468; x_wconf 82' lang='lat' dir='ltr'>ex</span> <span class='ocrx_word' id='word_1_161' title='bbox 773 2403 824 2467; x_wconf 89' lang='lat' dir='ltr'>bis</span> <span class='ocrx_word' id='word_1_162' title='bbox 848 2402 945 2467; x_wconf 88' lang='lat' dir='ltr'>rebus</span> <span class='ocrx_word' id='word_1_163' title='bbox 968 2403 1077 2468; x_wconf 90' lang='lat' dir='ltr'>minus</span> <span class='ocrx_word' id='word_1_164' title='bbox 1093 2404 1252 2470; x_wconf 86' lang='lat' dir='ltr'>sermonis</span> <span class='ocrx_word' id='word_1_165' title='bbox 1267 2404 1338 2469; x_wconf 50' lang='lat' dir='ltr'>vul&amp;</span> 
     </span>
     <span class='ocr_line' id='line_1_21' title="bbox 159 2509 1341 2594; baseline -0.001 -19"><span class='ocrx_word' id='word_1_166' title='bbox 159 2512 250 2594; x_wconf 88' lang='lat' dir='ltr'>garis</span> <span class='ocrx_word' id='word_1_167' title='bbox 274 2511 544 2577; x_wconf 88' lang='lat' dir='ltr'>consuetudinem</span> <span class='ocrx_word' id='word_1_168' title='bbox 569 2526 665 2590; x_wconf 89' lang='lat' dir='ltr'>quam</span> <span class='ocrx_word' id='word_1_169' title='bbox 688 2509 921 2593; x_wconf 71' lang='lat' dir='ltr'>festinationis</span> <span class='ocrx_word' id='word_1_170' title='bbox 951 2527 1016 2590; x_wconf 90' lang='lat' dir='ltr'>qua</span> <span class='ocrx_word' id='word_1_171' title='bbox 1040 2510 1187 2576; x_wconf 85' lang='lat' dir='ltr'>Velleius</span> <span class='ocrx_word' id='word_1_172' title='bbox 1218 2511 1341 2575; x_wconf 91' lang='lat' dir='ltr'>librum</span> 
     </span>
     <span class='ocr_line' id='line_1_22' title="bbox 161 2617 703 2698; baseline -0.006 -15"><span class='ocrx_word' id='word_1_173' title='bbox 161 2617 351 2698; x_wconf 83' lang='lat' dir='ltr'>composuit,</span> <span class='ocrx_word' id='word_1_174' title='bbox 377 2617 519 2698; x_wconf 88' lang='lat' dir='ltr'>vestigia</span> <span class='ocrx_word' id='word_1_175' title='bbox 543 2617 703 2698; x_wconf 82' lang='lat' dir='ltr'>cognosci.</span> 
     </span>
    </p>

    <p class='ocr_par' dir='ltr' id='par_1_7' title="bbox 157 2721 1342 3447">
     <span class='ocr_line' id='line_1_23' title="bbox 265 2721 1339 2806; baseline 0.001 -17"><span class='ocrx_word' id='word_1_176' title='bbox 265 2724 496 2806; x_wconf 87' lang='lat' dir='ltr'>Negligentiae</span> <span class='ocrx_word' id='word_1_177' title='bbox 520 2729 629 2790; x_wconf 91' lang='lat' dir='ltr'>autem</span> <span class='ocrx_word' id='word_1_178' title='bbox 653 2721 824 2788; x_wconf 87' lang='lat' dir='ltr'>familiaris</span> <span class='ocrx_word' id='word_1_179' title='bbox 848 2724 1006 2788; x_wconf 88' lang='lat' dir='ltr'>sermonis</span> <span class='ocrx_word' id='word_1_180' title='bbox 1031 2723 1240 2789; x_wconf 88' lang='lat' dir='ltr'>tribuendum</span> <span class='ocrx_word' id='word_1_181' title='bbox 1266 2743 1339 2790; x_wconf 87' lang='lat' dir='ltr'>esse</span> 
     </span>
     <span class='ocr_line' id='line_1_24' title="bbox 160 2830 1339 2914; baseline 0 -18"><span class='ocrx_word' id='word_1_182' title='bbox 160 2830 311 2912; x_wconf 89' lang='lat' dir='ltr'>equidem</span> <span class='ocrx_word' id='word_1_183' title='bbox 341 2836 436 2910; x_wconf 92' lang='lat' dir='ltr'>puto,</span> <span class='ocrx_word' id='word_1_184' title='bbox 470 2832 555 2912; x_wconf 88' lang='lat' dir='ltr'>quod</span> <span class='ocrx_word' id='word_1_185' title='bbox 586 2830 731 2897; x_wconf 88' lang='lat' dir='ltr'>Velleius</span> <span class='ocrx_word' id='word_1_186' title='bbox 763 2849 827 2895; x_wconf 90' lang='lat' dir='ltr'>non</span> <span class='ocrx_word' id='word_1_187' title='bbox 858 2830 957 2895; x_wconf 86' lang='lat' dir='ltr'>semel</span> <span class='ocrx_word' id='word_1_188' title='bbox 994 2830 1244 2914; x_wconf 86' lang='lat' dir='ltr'>prohibitivum,</span> <span class='ocrx_word' id='word_1_189' title='bbox 1282 2833 1339 2914; x_wconf 88' lang='lat' dir='ltr'>qui</span> 
     </span>
     <span class='ocr_line' id='line_1_25' title="bbox 158 2937 1341 3021; baseline 0.001 -19"><span class='ocrx_word' id='word_1_190' title='bbox 158 2937 292 3021; x_wconf 89' lang='lat' dir='ltr'>dicitur,</span> <span class='ocrx_word' id='word_1_191' title='bbox 323 2955 396 3002; x_wconf 89' lang='lat' dir='ltr'>cum</span> <span class='ocrx_word' id='word_1_192' title='bbox 428 2957 490 3001; x_wconf 83' lang='lat' dir='ltr'>non</span> <span class='ocrx_word' id='word_1_193' title='bbox 521 2958 578 3020; x_wconf 91' lang='lat' dir='ltr'>pro</span> <span class='ocrx_word' id='word_1_194' title='bbox 606 2958 644 3004; x_wconf 82' lang='lat' dir='ltr'>nc</span> <span class='ocrx_word' id='word_1_195' title='bbox 670 2938 834 3020; x_wconf 89' lang='lat' dir='ltr'>particula</span> <span class='ocrx_word' id='word_1_196' title='bbox 865 2937 1043 3017; x_wconf 86' lang='lat' dir='ltr'>coniunxit,</span> <span class='ocrx_word' id='word_1_197' title='bbox 1075 2938 1109 3003; x_wconf 88' lang='lat' dir='ltr'>id</span> <span class='ocrx_word' id='word_1_198' title='bbox 1133 2939 1219 3020; x_wconf 89' lang='lat' dir='ltr'>quod</span> <span class='ocrx_word' id='word_1_199' title='bbox 1251 2939 1341 3020; x_wconf 83' lang='lat' dir='ltr'>apud</span> 
     </span>
     <span class='ocr_line' id='line_1_26' title="bbox 160 3043 1341 3127; baseline 0.001 -18"><span class='ocrx_word' id='word_1_200' title='bbox 160 3062 279 3110; x_wconf 87' lang='lat' dir='ltr'>aureae</span> <span class='ocrx_word' id='word_1_201' title='bbox 303 3044 424 3109; x_wconf 88' lang='lat' dir='ltr'>aetatis</span> <span class='ocrx_word' id='word_1_202' title='bbox 457 3045 631 3126; x_wconf 89' lang='lat' dir='ltr'>scriptores</span> <span class='ocrx_word' id='word_1_203' title='bbox 659 3047 728 3111; x_wconf 86' lang='lat' dir='ltr'>fere</span> <span class='ocrx_word' id='word_1_204' title='bbox 759 3061 918 3124; x_wconf 87' lang='lat' dir='ltr'>nusquam</span> <span class='ocrx_word' id='word_1_205' title='bbox 949 3043 1105 3110; x_wconf 87' lang='lat' dir='ltr'>invenies.</span> <span class='ocrx_word' id='word_1_206' title='bbox 1131 3051 1160 3110; x_wconf 91' lang='grc'><strong>2.</strong></span> <span class='ocrx_word' id='word_1_207' title='bbox 1173 3047 1226 3127; x_wconf 85' lang='grc'>9,6</span> <span class='ocrx_word' id='word_1_208' title='bbox 1258 3064 1341 3110; x_wconf 88' lang='lat' dir='ltr'>sane</span> 
     </span>
     <span class='ocr_line' id='line_1_27' title="bbox 157 3149 1342 3236; baseline 0.003 -21"><span class='ocrx_word' id='word_1_209' title='bbox 157 3170 223 3215; x_wconf 89' lang='lat' dir='ltr'>non</span> <span class='ocrx_word' id='word_1_210' title='bbox 245 3151 442 3232; x_wconf 82' lang='lat' dir='ltr'>ignoremus.</span> <span class='ocrx_word' id='word_1_211' title='bbox 467 3155 584 3236; x_wconf 87' lang='grc'><strong>2,12,6</strong></span> <span class='ocrx_word' id='word_1_212' title='bbox 620 3172 684 3218; x_wconf 89' lang='lat' dir='ltr'>non</span> <span class='ocrx_word' id='word_1_213' title='bbox 707 3157 818 3218; x_wconf 86' lang='lat' dir='ltr'>tamen</span> <span class='ocrx_word' id='word_1_214' title='bbox 842 3149 939 3215; x_wconf 88' lang='lat' dir='ltr'>huius</span> <span class='ocrx_word' id='word_1_215' title='bbox 963 3152 1151 3216; x_wconf 89' lang='lat' dir='ltr'>consulatus</span> <span class='ocrx_word' id='word_1_216' title='bbox 1167 3151 1342 3218; x_wconf 74' lang='lat' dir='ltr'>mandetur</span> 
     </span>
     <span class='ocr_line' id='line_1_28' title="bbox 161 3256 1340 3349; baseline 0.003 -29"><span class='ocrx_word' id='word_1_217' title='bbox 161 3256 275 3339; x_wconf 83' lang='lat' dir='ltr'>gloria.</span> <span class='ocrx_word' id='word_1_218' title='bbox 300 3262 329 3321; x_wconf 90' lang='grc'>2.</span> <span class='ocrx_word' id='word_1_219' title='bbox 342 3263 419 3339; x_wconf 85' lang='grc'><strong>26,3</strong></span> <span class='ocrx_word' id='word_1_220' title='bbox 456 3276 520 3322; x_wconf 92' lang='lat' dir='ltr'>non</span> <span class='ocrx_word' id='word_1_221' title='bbox 543 3258 660 3338; x_wconf 90' lang='lat' dir='ltr'>perdat</span> <span class='ocrx_word' id='word_1_222' title='bbox 682 3257 876 3349; x_wconf 81' lang='lat' dir='ltr'>nobilissimi</span> <span class='ocrx_word' id='word_1_223' title='bbox 899 3258 979 3324; x_wconf 86' lang='lat' dir='ltr'>iacti</span> <span class='ocrx_word' id='word_1_224' title='bbox 1003 3259 1140 3342; x_wconf 90' lang='lat' dir='ltr'>gloriam</span> <span class='ocrx_word' id='word_1_225' title='bbox 1154 3259 1340 3340; x_wconf 80' lang='lat' dir='ltr'>Calpurnia.</span> 
     </span>
     <span class='ocr_line' id='line_1_29' title="bbox 161 3363 841 3447; baseline 0.006 -19"><span class='ocrx_word' id='word_1_226' title='bbox 161 3367 189 3430; x_wconf 77' lang='lat'>2.</span> <span class='ocrx_word' id='word_1_227' title='bbox 206 3367 301 3447; x_wconf 84' lang='grc'><strong>116,3</strong></span> <span class='ocrx_word' id='word_1_228' title='bbox 327 3363 452 3429; x_wconf 85' lang='lat' dir='ltr'>utinam</span> <span class='ocrx_word' id='word_1_229' title='bbox 476 3383 541 3429; x_wconf 89' lang='lat' dir='ltr'>non</span> <span class='ocrx_word' id='word_1_230' title='bbox 564 3369 723 3430; x_wconf 90' lang='lat' dir='ltr'>testatum</span> <span class='ocrx_word' id='word_1_231' title='bbox 746 3374 841 3432; x_wconf 90' lang='lat' dir='ltr'>esset.</span> 
     </span>
    </p>

    <p class='ocr_par' dir='ltr' id='par_1_8' title="bbox 158 3469 1351 3766">
     <span class='ocr_line' id='line_1_30' title="bbox 275 3469 1351 3556; baseline -0.001 -21"><span class='ocrx_word' id='word_1_232' title='bbox 275 3469 339 3535; x_wconf 84' lang='lat' dir='ltr'>Sed</span> <span class='ocrx_word' id='word_1_233' title='bbox 363 3469 430 3534; x_wconf 88' lang='lat' dir='ltr'>alia</span> <span class='ocrx_word' id='word_1_234' title='bbox 462 3487 591 3551; x_wconf 89' lang='lat' dir='ltr'>quoque</span> <span class='ocrx_word' id='word_1_235' title='bbox 619 3477 711 3552; x_wconf 91' lang='lat' dir='ltr'>sunt,</span> <span class='ocrx_word' id='word_1_236' title='bbox 743 3489 786 3536; x_wconf 85' lang='lat' dir='ltr'>ex</span> <span class='ocrx_word' id='word_1_237' title='bbox 816 3472 935 3553; x_wconf 90' lang='lat' dir='ltr'>quibus</span> <span class='ocrx_word' id='word_1_238' title='bbox 966 3472 1118 3554; x_wconf 83' lang='lat' dir='ltr'>intellegi</span> <span class='ocrx_word' id='word_1_239' title='bbox 1148 3478 1272 3556; x_wconf 87' lang='lat' dir='ltr'>potest,</span> <span class='ocrx_word' id='word_1_240' title='bbox 1304 3471 1351 3536; x_wconf 42' lang='lat' dir='ltr'>in.</span> 
     </span>
     <span class='ocr_line' id='line_1_31' title="bbox 170 3576 1338 3660; baseline 0.002 -19"><span class='ocrx_word' id='word_1_241' title='bbox 170 3583 356 3656; x_wconf 88' lang='lat' dir='ltr'>corruptam</span> <span class='ocrx_word' id='word_1_242' title='bbox 380 3576 506 3642; x_wconf 86' lang='lat' dir='ltr'>latinae</span> <span class='ocrx_word' id='word_1_243' title='bbox 529 3577 661 3659; x_wconf 83' lang='lat' dir='ltr'>liuguae</span> <span class='ocrx_word' id='word_1_244' title='bbox 683 3578 910 3660; x_wconf 87' lang='lat' dir='ltr'>integritatem</span> <span class='ocrx_word' id='word_1_245' title='bbox 933 3579 1100 3645; x_wconf 90' lang='lat' dir='ltr'>nonnullis</span> <span class='ocrx_word' id='word_1_246' title='bbox 1122 3579 1158 3646; x_wconf 89' lang='lat' dir='ltr'>in</span> <span class='ocrx_word' id='word_1_247' title='bbox 1180 3581 1280 3645; x_wconf 87' lang='lat' dir='ltr'>rebus</span> <span class='ocrx_word' id='word_1_248' title='bbox 1302 3579 1338 3643; x_wconf 86' lang='lat' dir='ltr'>in</span> 
     </span>
     <span class='ocr_line' id='line_1_32' title="bbox 158 3683 757 3766; baseline 0.007 -20"><span class='ocrx_word' id='word_1_249' title='bbox 158 3683 327 3764; x_wconf 89' lang='lat' dir='ltr'>quinatam</span> <span class='ocrx_word' id='word_1_250' title='bbox 351 3699 425 3748; x_wconf 87' lang='lat' dir='ltr'>esse</span> <span class='ocrx_word' id='word_1_251' title='bbox 447 3684 578 3766; x_wconf 88' lang='lat' dir='ltr'>vulgari</span> <span class='ocrx_word' id='word_1_252' title='bbox 602 3703 757 3750; x_wconf 89' lang='lat' dir='ltr'>sermone.</span> 
     </span>
    </p>

    <p class='ocr_par' dir='ltr' id='par_1_9' title="bbox 158 3788 1352 4303">
     <span class='ocr_line' id='line_1_33' title="bbox 268 3788 1342 3876; baseline 0.006 -22"><span class='ocrx_word' id='word_1_253' title='bbox 268 3788 435 3869; x_wconf 86' lang='lat' dir='ltr'>Imprimis</span> <span class='ocrx_word' id='word_1_254' title='bbox 459 3792 616 3858; x_wconf 88' lang='lat' dir='ltr'>sermonis</span> <span class='ocrx_word' id='word_1_255' title='bbox 638 3791 810 3857; x_wconf 84' lang='lat' dir='ltr'>familiaris</span> <span class='ocrx_word' id='word_1_256' title='bbox 832 3793 1001 3874; x_wconf 88' lang='lat' dir='ltr'>proprium</span> <span class='ocrx_word' id='word_1_257' title='bbox 1030 3798 1090 3876; x_wconf 86' lang='lat' dir='ltr'>est,</span> <span class='ocrx_word' id='word_1_258' title='bbox 1122 3794 1209 3876; x_wconf 85' lang='lat' dir='ltr'>quod</span> <span class='ocrx_word' id='word_1_259' title='bbox 1239 3796 1342 3862; x_wconf 84' lang='lat' dir='ltr'>verba</span> 
     </span>
     <span class='ocr_line' id='line_1_34' title="bbox 158 3894 1340 3983; baseline 0.005 -23"><span class='ocrx_word' id='word_1_260' title='bbox 158 3894 404 3976; x_wconf 85' lang='lat' dir='ltr'>frequentativa</span> <span class='ocrx_word' id='word_1_261' title='bbox 432 3916 491 3978; x_wconf 91' lang='lat' dir='ltr'>pro</span> <span class='ocrx_word' id='word_1_262' title='bbox 515 3897 716 3980; x_wconf 88' lang='lat' dir='ltr'>simplicibus</span> <span class='ocrx_word' id='word_1_263' title='bbox 740 3903 888 3980; x_wconf 87' lang='lat' dir='ltr'>usurpat,</span> <span class='ocrx_word' id='word_1_264' title='bbox 919 3899 954 3965; x_wconf 89' lang='lat' dir='ltr'>id</span> <span class='ocrx_word' id='word_1_265' title='bbox 985 3898 1070 3981; x_wconf 90' lang='lat' dir='ltr'>quod</span> <span class='ocrx_word' id='word_1_266' title='bbox 1101 3901 1210 3967; x_wconf 87' lang='lat' dir='ltr'>studio</span> <span class='ocrx_word' id='word_1_267' title='bbox 1241 3918 1340 3983; x_wconf 88' lang='lat' dir='ltr'>quam</span> 
     </span>
     <span class='ocr_line' id='line_1_35' title="bbox 159 3999 1349 4086; baseline 0.005 -18"><span class='ocrx_word' id='word_1_268' title='bbox 159 3999 356 4085; x_wconf 83' lang='lat' dir='ltr'>gravissime</span> <span class='ocrx_word' id='word_1_269' title='bbox 378 4001 435 4069; x_wconf 87' lang='lat' dir='ltr'>val</span> <span class='ocrx_word' id='word_1_270' title='bbox 458 4002 636 4070; x_wconf 87' lang='lat' dir='ltr'>fortissime</span> <span class='ocrx_word' id='word_1_271' title='bbox 658 4004 812 4086; x_wconf 86' lang='lat' dir='ltr'>loquendi</span> <span class='ocrx_word' id='word_1_272' title='bbox 835 4012 1030 4072; x_wconf 89' lang='lat' dir='ltr'>commotum</span> <span class='ocrx_word' id='word_1_273' title='bbox 1046 4006 1240 4074; x_wconf 84' lang='lat' dir='ltr'>facereeum</span> <span class='ocrx_word' id='word_1_274' title='bbox 1256 4007 1349 4074; x_wconf 59' lang='lat' dir='ltr'>satisv</span> 
     </span>
     <span class='ocr_line' id='line_1_36' title="bbox 160 4107 1352 4199; baseline 0.005 -25"><span class='ocrx_word' id='word_1_275' title='bbox 160 4113 297 4174; x_wconf 87' lang='lat' dir='ltr'>constat.</span> <span class='ocrx_word' id='word_1_276' title='bbox 328 4107 384 4195; x_wconf 85' lang='lat' dir='ltr'>(cf.</span> <span class='ocrx_word' id='word_1_277' title='bbox 415 4111 553 4180; x_wconf 85' lang='lat' dir='ltr'>Lorenz.</span> <span class='ocrx_word' id='word_1_278' title='bbox 582 4112 690 4178; x_wconf 87' lang='lat' dir='ltr'>Pleut.</span> <span class='ocrx_word' id='word_1_279' title='bbox 720 4112 816 4178; x_wconf 89' lang='lat' dir='ltr'>Most.</span> <span class='ocrx_word' id='word_1_280' title='bbox 845 4132 877 4196; x_wconf 89' lang='lat' dir='ltr'>p.</span> <span class='ocrx_word' id='word_1_281' title='bbox 909 4111 998 4199; x_wconf 82' lang='lat'>385.)</span> <span class='ocrx_word' id='word_1_282' title='bbox 1034 4114 1201 4180; x_wconf 83' lang='lat' dir='ltr'>invenitur</span> <span class='ocrx_word' id='word_1_283' title='bbox 1231 4122 1352 4182; x_wconf 83' lang='lat' dir='ltr'>autem.</span> 
     </span>
     <span class='ocr_line' id='line_1_37' title="bbox 158 4213 1165 4303; baseline 0.004 -21"><span class='ocrx_word' id='word_1_284' title='bbox 158 4213 247 4297; x_wconf 88' lang='lat' dir='ltr'>apud</span> <span class='ocrx_word' id='word_1_285' title='bbox 270 4215 432 4285; x_wconf 84' lang='lat' dir='ltr'>Vallatum</span> <span class='ocrx_word' id='word_1_286' title='bbox 455 4235 596 4303; x_wconf 86' lang='lat' dir='ltr'>magnus</span> <span class='ocrx_word' id='word_1_287' title='bbox 619 4219 792 4287; x_wconf 86' lang='lat' dir='ltr'>verborum</span> <span class='ocrx_word' id='word_1_288' title='bbox 816 4217 976 4301; x_wconf 79' lang='lat' dir='ltr'>frequent</span> <span class='ocrx_word' id='word_1_289' title='bbox 1001 4237 1165 4286; x_wconf 89' lang='lat' dir='ltr'>numerus.</span> 
     </span>
    </p>
   </div>
   <div class='ocr_carea' id='block_1_4' title="bbox 0 0 1574 4846">
    <p class='ocr_par' dir='ltr' id='par_1_10' title="bbox 0 0 1574 4846">
     <span class='ocr_line' id='line_1_38' title="bbox 0 0 1574 4846; baseline 0 0"><span class='ocrx_word' id='word_1_290' title='bbox 0 0 1574 4846; x_wconf 95' lang='lat' dir='ltr'> </span> 
     </span>
    </p>
   </div>
  </div>
 </body>
</html>
