<?xml version="1.0" encoding="UTF-8"?>
<!DOCTYPE html PUBLIC "-//W3C//DTD XHTML 1.0 Transitional//EN"
    "http://www.w3.org/TR/xhtml1/DTD/xhtml1-transitional.dtd">
<html xmlns="http://www.w3.org/1999/xhtml" xml:lang="en" lang="en">
 <head>
  <title>
</title>
<meta http-equiv="Content-Type" content="text/html;charset=utf-8" />
  <meta name='ocr-system' content='tesseract 3.04.00' />
  <meta name='ocr-capabilities' content='ocr_page ocr_carea ocr_par ocr_line ocrx_word'/>
</head>
<body>
  <div class='ocr_page' id='page_1' title='image "./quaestionesgram00feligoog_0064.png"; bbox 0 0 3128 4846; ppageno 0'>
   <div class='ocr_carea' id='block_1_1' title="bbox 739 295 917 355">
    <p class='ocr_par' dir='ltr' id='par_1_1' title="bbox 739 295 917 355">
     <span class='ocr_line' id='line_1_1' title="bbox 739 295 917 355; baseline 0 -19"><span class='ocrx_word' id='word_1_1' title='bbox 739 295 917 355; x_wconf 77' lang='lat'>..57-</span> 
     </span>
    </p>
   </div>
   <div class='ocr_carea' id='block_1_2' title="bbox 219 483 1414 679">
    <p class='ocr_par' dir='ltr' id='par_1_2' title="bbox 219 483 1414 679">
     <span class='ocr_line' id='line_1_2' title="bbox 219 483 1414 570; baseline -0.004 -15"><span class='ocrx_word' id='word_1_2' title='bbox 219 505 305 555; x_wconf 60' lang='grc' dir='ltr'>Ἰ1111</span> <span class='ocrx_word' id='word_1_3' title='bbox 332 487 412 553; x_wconf 92' lang='lat' dir='ltr'>mihi</span> <span class='ocrx_word' id='word_1_4' title='bbox 434 489 598 555; x_wconf 89' lang='lat' dir='ltr'>videntur.</span> <span class='ocrx_word' id='word_1_5' title='bbox 622 495 652 558; x_wconf 92' lang='grc'>2.</span> <span class='ocrx_word' id='word_1_6' title='bbox 664 492 739 570; x_wconf 85' lang='lat'>95,5</span> <span class='ocrx_word' id='word_1_7' title='bbox 757 505 921 553; x_wconf 77' lang='lat' dir='ltr'>censorem</span> <span class='ocrx_word' id='word_1_8' title='bbox 937 487 1080 567; x_wconf 88' lang='lat' dir='ltr'>implere.</span> <span class='ocrx_word' id='word_1_9' title='bbox 1098 485 1138 570; x_wconf 76' lang='lat' dir='ltr'>(z</span> <span class='ocrx_word' id='word_1_10' title='bbox 1153 485 1212 551; x_wconf 90' lang='lat' dir='ltr'>das</span> <span class='ocrx_word' id='word_1_11' title='bbox 1227 484 1307 549; x_wconf 85' lang='lat' dir='ltr'>Amt</span> <span class='ocrx_word' id='word_1_12' title='bbox 1325 483 1414 550; x_wconf 88' lang='lat' dir='ltr'>eines</span> 
     </span>
     <span class='ocr_line' id='line_1_3' title="bbox 229 594 1075 679; baseline -0.004 -18"><span class='ocrx_word' id='word_1_13' title='bbox 229 596 378 661; x_wconf 76' lang='lat' dir='ltr'>Consors·</span> <span class='ocrx_word' id='word_1_14' title='bbox 396 594 594 679; x_wconf 81' lang='lat' dir='ltr'>bekleiden.)</span> <span class='ocrx_word' id='word_1_15' title='bbox 620 599 736 662; x_wconf 77' lang='lat'><strong>2.83.2</strong></span> <span class='ocrx_word' id='word_1_16' title='bbox 761 594 920 660; x_wconf 83' lang='lat' dir='ltr'>Glaucum</span> <span class='ocrx_word' id='word_1_17' title='bbox 944 594 1075 658; x_wconf 87' lang='lat' dir='ltr'>saltare.</span> 
     </span>
    </p>
   </div>
   <div class='ocr_carea' id='block_1_3' title="bbox 222 715 1418 1658">
    <p class='ocr_par' dir='ltr' id='par_1_3' title="bbox 223 715 1414 908">
     <span class='ocr_line' id='line_1_4' title="bbox 344 715 1414 802; baseline -0.006 -16"><span class='ocrx_word' id='word_1_18' title='bbox 344 721 544 786; x_wconf 82' lang='lat' dir='ltr'>Graecorum</span> <span class='ocrx_word' id='word_1_19' title='bbox 567 720 720 802; x_wconf 91' lang='lat' dir='ltr'>loquendi</span> <span class='ocrx_word' id='word_1_20' title='bbox 745 718 1014 785; x_wconf 89' lang='lat' dir='ltr'>consuetudinem</span> <span class='ocrx_word' id='word_1_21' title='bbox 1038 722 1172 784; x_wconf 83' lang='lat' dir='ltr'>secutus</span> <span class='ocrx_word' id='word_1_22' title='bbox 1191 715 1338 783; x_wconf 78' lang='lat' dir='ltr'>Velleius</span> <span class='ocrx_word' id='word_1_23' title='bbox 1361 715 1414 780; x_wconf 90' lang='lat' dir='ltr'>his</span> 
     </span>
     <span class='ocr_line' id='line_1_5' title="bbox 223 823 1259 908; baseline -0.006 -15"><span class='ocrx_word' id='word_1_24' title='bbox 223 825 346 893; x_wconf 60' lang='lat' dir='ltr'>‘verbis</span> <span class='ocrx_word' id='word_1_25' title='bbox 368 827 500 907; x_wconf 86' lang='lat' dir='ltr'>passive</span> <span class='ocrx_word' id='word_1_26' title='bbox 522 827 639 908; x_wconf 90' lang='lat' dir='ltr'>positis</span> <span class='ocrx_word' id='word_1_27' title='bbox 663 826 836 892; x_wconf 90' lang='lat' dir='ltr'>medialem</span> <span class='ocrx_word' id='word_1_28' title='bbox 860 824 1135 907; x_wconf 87' lang='lat' dir='ltr'>significationem</span> <span class='ocrx_word' id='word_1_29' title='bbox 1160 823 1259 888; x_wconf 90' lang='lat' dir='ltr'>dedit:</span> 
     </span>
    </p>

    <p class='ocr_par' dir='ltr' id='par_1_4' title="bbox 342 929 1371 1016">
     <span class='ocr_line' id='line_1_6' title="bbox 342 929 1371 1016; baseline -0.004 -19"><span class='ocrx_word' id='word_1_30' title='bbox 342 932 473 1000; x_wconf 90' lang='lat' dir='ltr'>advolvi</span> <span class='ocrx_word' id='word_1_31' title='bbox 497 935 633 1016; x_wconf 81' lang='lat' dir='ltr'>genibus</span> <span class='ocrx_word' id='word_1_32' title='bbox 657 934 736 1016; x_wconf 90' lang='lat' dir='ltr'>alcjs</span> <span class='ocrx_word' id='word_1_33' title='bbox 761 939 789 998; x_wconf 91' lang='grc'>2,</span> <span class='ocrx_word' id='word_1_34' title='bbox 803 937 880 1014; x_wconf 59' lang='lat' dir='ltr'>aba</span> <span class='ocrx_word' id='word_1_35' title='bbox 902 950 962 999; x_wconf 91' lang='lat' dir='ltr'>vor</span> <span class='ocrx_word' id='word_1_36' title='bbox 984 933 1007 998; x_wconf 88' lang='lat' dir='ltr'><strong>J</strong></span> <span class='ocrx_word' id='word_1_37' title='bbox 1009 931 1125 997; x_wconf 88' lang='lat' dir='ltr'>amand</span> <span class='ocrx_word' id='word_1_38' title='bbox 1148 929 1371 996; x_wconf 84' lang='lat' dir='ltr'>uiederfalleu.</span> 
     </span>
    </p>

    <p class='ocr_par' dir='ltr' id='par_1_5' title="bbox 342 1040 943 1126">
     <span class='ocr_line' id='line_1_7' title="bbox 342 1040 943 1126; baseline -0.003 -20"><span class='ocrx_word' id='word_1_39' title='bbox 342 1040 451 1106; x_wconf 91' lang='lat' dir='ltr'>collidi</span> <span class='ocrx_word' id='word_1_40' title='bbox 475 1047 504 1106; x_wconf 85' lang='grc'>2.</span> <span class='ocrx_word' id='word_1_41' title='bbox 518 1043 593 1126; x_wconf 86' lang='grc'><strong>53,2</strong></span> <span class='ocrx_word' id='word_1_42' title='bbox 617 1045 943 1106; x_wconf 87' lang='lat' dir='ltr'>zusammenstossen.</span> 
     </span>
    </p>

    <p class='ocr_par' dir='ltr' id='par_1_6' title="bbox 343 1147 1093 1230">
     <span class='ocr_line' id='line_1_8' title="bbox 343 1147 1093 1230; baseline 0 -18"><span class='ocrx_word' id='word_1_43' title='bbox 343 1148 525 1212; x_wconf 84' lang='lat' dir='ltr'>excalceari</span> <span class='ocrx_word' id='word_1_44' title='bbox 538 1151 567 1214; x_wconf 76' lang='lat'>2.</span> <span class='ocrx_word' id='word_1_45' title='bbox 579 1151 655 1230; x_wconf 83' lang='lat'>41,3</span> <span class='ocrx_word' id='word_1_46' title='bbox 680 1149 731 1212; x_wconf 90' lang='lat' dir='ltr'>die</span> <span class='ocrx_word' id='word_1_47' title='bbox 755 1148 884 1213; x_wconf 83' lang='lat' dir='ltr'>Schuhe</span> <span class='ocrx_word' id='word_1_48' title='bbox 906 1147 1093 1212; x_wconf 86' lang='lat' dir='ltr'>ausziehen.</span> 
     </span>
    </p>

    <p class='ocr_par' dir='ltr' id='par_1_7' title="bbox 344 1252 987 1337">
     <span class='ocr_line' id='line_1_9' title="bbox 344 1252 987 1337; baseline 0.003 -19"><span class='ocrx_word' id='word_1_49' title='bbox 344 1255 494 1319; x_wconf 77' lang='lat' dir='ltr'>submitti</span> <span class='ocrx_word' id='word_1_50' title='bbox 518 1257 547 1319; x_wconf 82' lang='grc'>2.</span> <span class='ocrx_word' id='word_1_51' title='bbox 561 1259 637 1337; x_wconf 85' lang='grc'>37,4</span> <span class='ocrx_word' id='word_1_52' title='bbox 661 1255 730 1319; x_wconf 91' lang='lat' dir='ltr'>sich</span> <span class='ocrx_word' id='word_1_53' title='bbox 754 1252 987 1320; x_wconf 84' lang='lat' dir='ltr'>uuterwerfen.</span> 
     </span>
    </p>

    <p class='ocr_par' dir='ltr' id='par_1_8' title="bbox 222 1358 1418 1658">
     <span class='ocr_line' id='line_1_10' title="bbox 345 1358 1418 1446; baseline -0.004 -20"><span class='ocrx_word' id='word_1_54' title='bbox 345 1359 398 1446; x_wconf 87' lang='lat' dir='ltr'>(cf.</span> <span class='ocrx_word' id='word_1_55' title='bbox 421 1379 547 1442; x_wconf 92' lang='lat' dir='ltr'>quoque</span> <span class='ocrx_word' id='word_1_56' title='bbox 563 1361 693 1445; x_wconf 84' lang='lat' dir='ltr'>appelli,</span> <span class='ocrx_word' id='word_1_57' title='bbox 710 1361 837 1426; x_wconf 84' lang='lat' dir='ltr'>landen.</span> <span class='ocrx_word' id='word_1_58' title='bbox 864 1359 966 1442; x_wconf 88' lang='lat'>1.1,1.</span> <span class='ocrx_word' id='word_1_59' title='bbox 991 1368 1019 1427; x_wconf 92' lang='grc'>2.</span> <span class='ocrx_word' id='word_1_60' title='bbox 1036 1363 1141 1443; x_wconf 85' lang='lat'>107,3.</span> <span class='ocrx_word' id='word_1_61' title='bbox 1158 1359 1308 1443; x_wconf 82' lang='lat' dir='ltr'>discingi,</span> <span class='ocrx_word' id='word_1_62' title='bbox 1327 1358 1418 1424; x_wconf 91' lang='lat' dir='ltr'>seine</span> 
     </span>
     <span class='ocr_line' id='line_1_11' title="bbox 222 1465 1417 1551; baseline -0.003 -18"><span class='ocrx_word' id='word_1_63' title='bbox 222 1467 373 1534; x_wconf 70' lang='lat' dir='ltr'>&#39;‘Kleider</span> <span class='ocrx_word' id='word_1_64' title='bbox 396 1469 543 1550; x_wconf 89' lang='lat' dir='ltr'>ablegen.</span> <span class='ocrx_word' id='word_1_65' title='bbox 569 1471 685 1534; x_wconf 73' lang='lat' dir='ltr'>atla</span> <span class='ocrx_word' id='word_1_66' title='bbox 710 1465 847 1550; x_wconf 82' lang='lat' dir='ltr'>edundi,</span> <span class='ocrx_word' id='word_1_67' title='bbox 876 1467 1142 1533; x_wconf 83' lang='lat' dir='ltr'>herembrachen.</span> <span class='ocrx_word' id='word_1_68' title='bbox 1174 1469 1303 1551; x_wconf 84' lang='grc'>2.12,3.</span> <span class='ocrx_word' id='word_1_69' title='bbox 1335 1483 1417 1547; x_wconf 89' lang='lat' dir='ltr'>qnae</span> 
     </span>
     <span class='ocr_line' id='line_1_12' title="bbox 223 1574 1216 1658; baseline -0.002 -18"><span class='ocrx_word' id='word_1_70' title='bbox 223 1575 427 1656; x_wconf 82' lang='lat' dir='ltr'>verbalem</span> <span class='ocrx_word' id='word_1_71' title='bbox 451 1575 538 1656; x_wconf 89' lang='lat' dir='ltr'>apud</span> <span class='ocrx_word' id='word_1_72' title='bbox 560 1576 685 1657; x_wconf 89' lang='lat' dir='ltr'>priores</span> <span class='ocrx_word' id='word_1_73' title='bbox 710 1575 757 1640; x_wconf 88' lang='lat' dir='ltr'>ita</span> <span class='ocrx_word' id='word_1_74' title='bbox 780 1574 930 1640; x_wconf 88' lang='lat' dir='ltr'>adbibita</span> <span class='ocrx_word' id='word_1_75' title='bbox 951 1575 1121 1654; x_wconf 90' lang='lat' dir='ltr'>invenies.)</span> <span class='ocrx_word' id='word_1_76' title='bbox 1214 1653 1216 1658; x_wconf 20' lang='grc' dir='ltr'>Ι</span> 
     </span>
    </p>
   </div>
   <div class='ocr_carea' id='block_1_4' title="bbox 225 1697 1420 2532">
    <p class='ocr_par' dir='ltr' id='par_1_9' title="bbox 225 1697 1418 1890">
     <span class='ocr_line' id='line_1_13' title="bbox 346 1697 1418 1782; baseline -0.004 -17"><span class='ocrx_word' id='word_1_77' title='bbox 346 1699 456 1765; x_wconf 89' lang='lat' dir='ltr'>Verba</span> <span class='ocrx_word' id='word_1_78' title='bbox 479 1700 707 1782; x_wconf 81' lang='lat' dir='ltr'>decomposita,</span> <span class='ocrx_word' id='word_1_79' title='bbox 734 1717 816 1780; x_wconf 92' lang='lat' dir='ltr'>quae</span> <span class='ocrx_word' id='word_1_80' title='bbox 835 1699 915 1764; x_wconf 91' lang='lat' dir='ltr'>item</span> <span class='ocrx_word' id='word_1_81' title='bbox 932 1717 973 1764; x_wconf 83' lang='lat' dir='ltr'>ex</span> <span class='ocrx_word' id='word_1_82' title='bbox 989 1698 1116 1764; x_wconf 80' lang='lat' dir='ltr'>Graeca</span> <span class='ocrx_word' id='word_1_83' title='bbox 1140 1699 1254 1780; x_wconf 89' lang='lat' dir='ltr'>lingna</span> <span class='ocrx_word' id='word_1_84' title='bbox 1271 1697 1418 1762; x_wconf 91' lang='lat' dir='ltr'>ducenda</span> 
     </span>
     <span class='ocr_line' id='line_1_14' title="bbox 225 1806 769 1890; baseline -0.004 -18"><span class='ocrx_word' id='word_1_85' title='bbox 225 1811 326 1890; x_wconf 75' lang='lat' dir='ltr'>sunt,</span> <span class='ocrx_word' id='word_1_86' title='bbox 353 1806 500 1872; x_wconf 89' lang='lat' dir='ltr'>Velleius</span> <span class='ocrx_word' id='word_1_87' title='bbox 525 1807 658 1888; x_wconf 81' lang='lat' dir='ltr'>scripsit</span> <span class='ocrx_word' id='word_1_88' title='bbox 680 1808 769 1872; x_wconf 90' lang='lat' dir='ltr'>haec:</span> 
     </span>
    </p>

    <p class='ocr_par' dir='ltr' id='par_1_10' title="bbox 345 1910 977 1997">
     <span class='ocr_line' id='line_1_15' title="bbox 345 1910 977 1997; baseline 0 -19"><span class='ocrx_word' id='word_1_89' title='bbox 345 1919 593 1995; x_wconf 89' lang='lat' dir='ltr'>repraesentare</span> <span class='ocrx_word' id='word_1_90' title='bbox 618 1912 848 1996; x_wconf 68' lang='grc'>11111011.</span> <span class='ocrx_word' id='word_1_91' title='bbox 873 1910 977 1997; x_wconf 79' lang='lat' dir='ltr'>Caes.)</span> 
     </span>
    </p>

    <p class='ocr_par' dir='ltr' id='par_1_11' title="bbox 348 2017 959 2103">
     <span class='ocr_line' id='line_1_16' title="bbox 348 2017 959 2103; baseline -0.003 -17"><span class='ocrx_word' id='word_1_92' title='bbox 348 2021 552 2086; x_wconf 83' lang='lat' dir='ltr'>subrefectus</span> <span class='ocrx_word' id='word_1_93' title='bbox 577 2023 725 2102; x_wconf 76' lang='lat'>2.123,3.</span> <span class='ocrx_word' id='word_1_94' title='bbox 751 2017 959 2103; x_wconf 86' lang='lat' dir='ltr'>(subreficio.)</span> 
     </span>
    </p>

    <p class='ocr_par' dir='ltr' id='par_1_12' title="bbox 235 2125 1420 2532">
     <span class='ocr_line' id='line_1_17' title="bbox 347 2125 1418 2209; baseline -0.005 -15"><span class='ocrx_word' id='word_1_95' title='bbox 347 2127 492 2195; x_wconf 80' lang='lat' dir='ltr'>Graecae</span> <span class='ocrx_word' id='word_1_96' title='bbox 507 2128 640 2209; x_wconf 90' lang='lat' dir='ltr'>linguae</span> <span class='ocrx_word' id='word_1_97' title='bbox 652 2127 829 2192; x_wconf 90' lang='lat' dir='ltr'>imitationi</span> <span class='ocrx_word' id='word_1_98' title='bbox 852 2125 934 2191; x_wconf 92' lang='lat' dir='ltr'>illud</span> <span class='ocrx_word' id='word_1_99' title='bbox 963 2144 1090 2207; x_wconf 90' lang='lat' dir='ltr'>quoque</span> <span class='ocrx_word' id='word_1_100' title='bbox 1117 2126 1326 2192; x_wconf 90' lang='lat' dir='ltr'>tribuendum</span> <span class='ocrx_word' id='word_1_101' title='bbox 1356 2132 1418 2208; x_wconf 90' lang='lat' dir='ltr'>est,</span> 
     </span>
     <span class='ocr_line' id='line_1_18' title="bbox 235 2234 1420 2318; baseline -0.003 -16"><span class='ocrx_word' id='word_1_102' title='bbox 235 2236 323 2318; x_wconf 93' lang='lat' dir='ltr'>quod</span> <span class='ocrx_word' id='word_1_103' title='bbox 345 2235 531 2300; x_wconf 87' lang='lat' dir='ltr'>infinitivus</span> <span class='ocrx_word' id='word_1_104' title='bbox 547 2240 724 2316; x_wconf 84' lang='lat' dir='ltr'>argenteae</span> <span class='ocrx_word' id='word_1_105' title='bbox 740 2234 917 2298; x_wconf 85' lang='lat' dir='ltr'>latinitatis</span> <span class='ocrx_word' id='word_1_106' title='bbox 933 2237 1042 2298; x_wconf 91' lang='lat' dir='ltr'>aetate</span> <span class='ocrx_word' id='word_1_107' title='bbox 1058 2234 1161 2298; x_wconf 90' lang='lat' dir='ltr'>multo</span> <span class='ocrx_word' id='word_1_108' title='bbox 1178 2234 1309 2315; x_wconf 88' lang='lat' dir='ltr'>saepius</span> <span class='ocrx_word' id='word_1_109' title='bbox 1326 2253 1420 2298; x_wconf 88' lang='lat' dir='ltr'>usur-</span> 
     </span>
     <span class='ocr_line' id='line_1_19' title="bbox 236 2338 1419 2425; baseline -0.003 -17"><span class='ocrx_word' id='word_1_110' title='bbox 236 2349 336 2425; x_wconf 90' lang='lat' dir='ltr'>patur</span> <span class='ocrx_word' id='word_1_111' title='bbox 360 2360 457 2423; x_wconf 89' lang='lat' dir='ltr'>quam</span> <span class='ocrx_word' id='word_1_112' title='bbox 481 2347 588 2406; x_wconf 91' lang='lat' dir='ltr'>antea.</span> <span class='ocrx_word' id='word_1_113' title='bbox 613 2342 678 2408; x_wconf 81' lang='lat' dir='ltr'>Sed</span> <span class='ocrx_word' id='word_1_114' title='bbox 701 2360 774 2406; x_wconf 90' lang='lat' dir='ltr'>cum</span> <span class='ocrx_word' id='word_1_115' title='bbox 798 2359 897 2421; x_wconf 91' lang='lat' dir='ltr'>supra</span> <span class='ocrx_word' id='word_1_116' title='bbox 921 2339 955 2424; x_wconf 89' lang='lat' dir='ltr'>(p</span> <span class='ocrx_word' id='word_1_117' title='bbox 972 2338 1029 2423; x_wconf 87' lang='grc'>46)</span> <span class='ocrx_word' id='word_1_118' title='bbox 1053 2340 1119 2406; x_wconf 90' lang='lat' dir='ltr'>iam</span> <span class='ocrx_word' id='word_1_119' title='bbox 1143 2340 1182 2406; x_wconf 94' lang='lat' dir='ltr'>de</span> <span class='ocrx_word' id='word_1_120' title='bbox 1204 2341 1266 2406; x_wconf 90' lang='lat' dir='ltr'>hac</span> <span class='ocrx_word' id='word_1_121' title='bbox 1289 2359 1325 2406; x_wconf 92' lang='lat' dir='ltr'>re</span> <span class='ocrx_word' id='word_1_122' title='bbox 1347 2358 1419 2405; x_wconf 90' lang='lat' dir='ltr'>ver-</span> 
     </span>
     <span class='ocr_line' id='line_1_20' title="bbox 238 2446 1258 2532; baseline -0.003 -17"><span class='ocrx_word' id='word_1_123' title='bbox 238 2453 279 2516; x_wconf 90' lang='lat' dir='ltr'>ba</span> <span class='ocrx_word' id='word_1_124' title='bbox 302 2450 436 2516; x_wconf 79' lang='lat' dir='ltr'>fecerim</span> <span class='ocrx_word' id='word_1_125' title='bbox 451 2447 520 2532; x_wconf 90' lang='lat' dir='ltr'>hoc,</span> <span class='ocrx_word' id='word_1_126' title='bbox 545 2449 613 2514; x_wconf 91' lang='lat' dir='ltr'>loco</span> <span class='ocrx_word' id='word_1_127' title='bbox 638 2449 708 2513; x_wconf 89' lang='lat' dir='ltr'>eins</span> <span class='ocrx_word' id='word_1_128' title='bbox 733 2449 929 2513; x_wconf 88' lang='lat' dir='ltr'>mentionem</span> <span class='ocrx_word' id='word_1_129' title='bbox 952 2446 1069 2512; x_wconf 80' lang='lat' dir='ltr'>fecisse</span> <span class='ocrx_word' id='word_1_130' title='bbox 1093 2447 1175 2512; x_wconf 88' lang='lat' dir='ltr'>satis</span> <span class='ocrx_word' id='word_1_131' title='bbox 1199 2453 1258 2512; x_wconf 88' lang='lat' dir='ltr'>est.</span> 
     </span>
    </p>
   </div>
   <div class='ocr_carea' id='block_1_5' title="bbox 231 2571 1422 2974">
    <p class='ocr_par' dir='ltr' id='par_1_13' title="bbox 231 2571 1422 2974">
     <span class='ocr_line' id='line_1_21' title="bbox 344 2571 1418 2654; baseline -0.004 -14"><span class='ocrx_word' id='word_1_132' title='bbox 344 2575 440 2640; x_wconf 85' lang='lat' dir='ltr'>Alius</span> <span class='ocrx_word' id='word_1_133' title='bbox 458 2579 509 2639; x_wconf 92' lang='lat' dir='ltr'>est</span> <span class='ocrx_word' id='word_1_134' title='bbox 526 2573 744 2654; x_wconf 76' lang='lat' dir='ltr'>GraecismuS,</span> <span class='ocrx_word' id='word_1_135' title='bbox 762 2571 848 2653; x_wconf 91' lang='lat' dir='ltr'>quod</span> <span class='ocrx_word' id='word_1_136' title='bbox 862 2571 1046 2653; x_wconf 89' lang='lat' dir='ltr'>participiis</span> <span class='ocrx_word' id='word_1_137' title='bbox 1060 2571 1243 2653; x_wconf 86' lang='lat' dir='ltr'>particulae</span> <span class='ocrx_word' id='word_1_138' title='bbox 1260 2571 1418 2652; x_wconf 86' lang='lat' dir='ltr'>quaedam</span> 
     </span>
     <span class='ocr_line' id='line_1_22' title="bbox 235 2676 1422 2764; baseline -0.003 -18"><span class='ocrx_word' id='word_1_139' title='bbox 235 2681 413 2764; x_wconf 87' lang='lat' dir='ltr'>adduntur,</span> <span class='ocrx_word' id='word_1_140' title='bbox 439 2699 532 2764; x_wconf 89' lang='lat' dir='ltr'>quae,</span> <span class='ocrx_word' id='word_1_141' title='bbox 559 2680 715 2760; x_wconf 91' lang='lat' dir='ltr'>quomodo</span> <span class='ocrx_word' id='word_1_142' title='bbox 739 2679 799 2745; x_wconf 91' lang='lat' dir='ltr'>illa</span> <span class='ocrx_word' id='word_1_143' title='bbox 829 2679 1050 2760; x_wconf 87' lang='lat' dir='ltr'>intellegenda</span> <span class='ocrx_word' id='word_1_144' title='bbox 1081 2679 1157 2762; x_wconf 91' lang='lat' dir='ltr'>sint,</span> <span class='ocrx_word' id='word_1_145' title='bbox 1189 2678 1336 2744; x_wconf 88' lang='lat' dir='ltr'>indicant</span> <span class='ocrx_word' id='word_1_146' title='bbox 1367 2676 1422 2762; x_wconf 83' lang='lat' dir='ltr'>(i.</span> 
     </span>
     <span class='ocr_line' id='line_1_23' title="bbox 231 2778 1420 2871; baseline -0.001 -22"><span class='ocrx_word' id='word_1_147' title='bbox 231 2778 304 2863; x_wconf 71' lang='lat' dir='ltr'>dra,</span> <span class='ocrx_word' id='word_1_148' title='bbox 330 2780 378 2862; x_wconf 76' lang='grc' dir='ltr'>ὡς,</span> <span class='ocrx_word' id='word_1_149' title='bbox 403 2785 642 2871; x_wconf 54' lang='lat' dir='ltr'>accusasse.)</span> <span class='ocrx_word' id='word_1_150' title='bbox 672 2789 787 2869; x_wconf 84' lang='grc'>2.12,1</span> <span class='ocrx_word' id='word_1_151' title='bbox 813 2791 851 2851; x_wconf 93' lang='lat' dir='ltr'>ut</span> <span class='ocrx_word' id='word_1_152' title='bbox 881 2786 1154 2866; x_wconf 86' lang='lat' dir='ltr'>praecaventibus</span> <span class='ocrx_word' id='word_1_153' title='bbox 1190 2784 1277 2849; x_wconf 87' lang='grc'>11111.</span> <span class='ocrx_word' id='word_1_154' title='bbox 1306 2789 1420 2850; x_wconf 73' lang='grc'>2411</span> 
     </span>
     <span class='ocr_line' id='line_1_24' title="bbox 242 2892 1421 2974; baseline -0.003 -16"><span class='ocrx_word' id='word_1_155' title='bbox 242 2893 420 2974; x_wconf 91' lang='lat' dir='ltr'>quamlibet</span> <span class='ocrx_word' id='word_1_156' title='bbox 465 2892 686 2959; x_wconf 70' lang='lat' dir='ltr'>festinantem.</span> <span class='ocrx_word' id='word_1_157' title='bbox 720 2901 749 2959; x_wconf 90' lang='grc'>2.</span> <span class='ocrx_word' id='word_1_158' title='bbox 765 2898 841 2974; x_wconf 89' lang='grc'>44,1</span> <span class='ocrx_word' id='word_1_159' title='bbox 874 2892 1005 2957; x_wconf 91' lang='lat' dir='ltr'>diverso</span> <span class='ocrx_word' id='word_1_160' title='bbox 1037 2910 1232 2973; x_wconf 90' lang='lat' dir='ltr'>quamquam</span> <span class='ocrx_word' id='word_1_161' title='bbox 1264 2896 1421 2972; x_wconf 91' lang='lat' dir='ltr'>tempore.</span> 
     </span>
    </p>
   </div>
   <div class='ocr_carea' id='block_1_6' title="bbox 231 2993 1423 3404">
    <p class='ocr_par' dir='ltr' id='par_1_14' title="bbox 231 2993 1423 3404">
     <span class='ocr_line' id='line_1_25' title="bbox 235 2993 1421 3085; baseline -0.003 -20"><span class='ocrx_word' id='word_1_162' title='bbox 235 3004 359 3085; x_wconf 85' lang='lat'>·1.47,3</span> <span class='ocrx_word' id='word_1_163' title='bbox 384 2999 476 3066; x_wconf 93' lang='lat' dir='ltr'>velut</span> <span class='ocrx_word' id='word_1_164' title='bbox 499 2993 718 3066; x_wconf 89' lang='lat' dir='ltr'>reconciliatis</span> <span class='ocrx_word' id='word_1_165' title='bbox 743 3000 805 3065; x_wconf 91' lang='lat' dir='ltr'>sibi</span> <span class='ocrx_word' id='word_1_166' title='bbox 829 2999 1051 3082; x_wconf 87' lang='lat' dir='ltr'>optimatibus.</span> <span class='ocrx_word' id='word_1_167' title='bbox 1080 3003 1109 3064; x_wconf 85' lang='grc'>2.</span> <span class='ocrx_word' id='word_1_168' title='bbox 1123 3002 1200 3082; x_wconf 85' lang='grc'>64,4</span> <span class='ocrx_word' id='word_1_169' title='bbox 1231 3004 1269 3062; x_wconf 94' lang='grc'>11</span> <span class='ocrx_word' id='word_1_170' title='bbox 1300 2997 1421 3062; x_wconf 90' lang='lat' dir='ltr'>satiato</span> 
     </span>
     <span class='ocr_line' id='line_1_26' title="bbox 240 3106 1423 3190; baseline -0.002 -19"><span class='ocrx_word' id='word_1_171' title='bbox 240 3106 393 3171; x_wconf 85' lang='lat' dir='ltr'>Antonia.</span> <span class='ocrx_word' id='word_1_172' title='bbox 418 3109 559 3190; x_wconf 63' lang='grc'>210115</span> <span class='ocrx_word' id='word_1_173' title='bbox 584 3107 677 3188; x_wconf 88' lang='lat' dir='ltr'>quasi</span> <span class='ocrx_word' id='word_1_174' title='bbox 702 3107 877 3172; x_wconf 88' lang='lat' dir='ltr'>cuiuslibet</span> <span class='ocrx_word' id='word_1_175' title='bbox 901 3124 1001 3172; x_wconf 82' lang='grc'>111111</span> <span class='ocrx_word' id='word_1_176' title='bbox 1024 3106 1157 3171; x_wconf 87' lang='lat' dir='ltr'>violata.</span> <span class='ocrx_word' id='word_1_177' title='bbox 1181 3106 1322 3185; x_wconf 83' lang='grc'>2.109,3</span> <span class='ocrx_word' id='word_1_178' title='bbox 1341 3109 1423 3169; x_wconf 89' lang='lat' dir='ltr'>tam-</span> 
     </span>
     <span class='ocr_line' id='line_1_27' title="bbox 239 3210 1423 3297; baseline -0.003 -18"><span class='ocrx_word' id='word_1_179' title='bbox 239 3233 337 3295; x_wconf 89' lang='lat' dir='ltr'>quam</span> <span class='ocrx_word' id='word_1_180' title='bbox 367 3213 403 3278; x_wconf 91' lang='lat' dir='ltr'>in</span> <span class='ocrx_word' id='word_1_181' title='bbox 433 3233 543 3280; x_wconf 89' lang='lat' dir='ltr'>omnes</span> <span class='ocrx_word' id='word_1_182' title='bbox 575 3233 703 3297; x_wconf 90' lang='lat' dir='ltr'>semper</span> <span class='ocrx_word' id='word_1_183' title='bbox 732 3221 902 3280; x_wconf 83' lang='lat' dir='ltr'>venturus</span> <span class='ocrx_word' id='word_1_184' title='bbox 936 3214 1073 3295; x_wconf 81' lang='grc'>2.117,1</span> <span class='ocrx_word' id='word_1_185' title='bbox 1107 3213 1200 3278; x_wconf 89' lang='lat' dir='ltr'>velut</span> <span class='ocrx_word' id='word_1_186' title='bbox 1231 3210 1423 3294; x_wconf 88' lang='lat' dir='ltr'>indulgente</span> 
     </span>
     <span class='ocr_line' id='line_1_28' title="bbox 231 3320 1246 3404; baseline -0.001 -19"><span class='ocrx_word' id='word_1_187' title='bbox 231 3326 369 3386; x_wconf 85' lang='lat' dir='ltr'>ortuna.</span> <span class='ocrx_word' id='word_1_188' title='bbox 394 3320 434 3385; x_wconf 86' lang='lat' dir='ltr'>cf.</span> <span class='ocrx_word' id='word_1_189' title='bbox 459 3325 737 3404; x_wconf 78' lang='grc'>1111112.21,3.</span> <span class='ocrx_word' id='word_1_190' title='bbox 762 3328 790 3387; x_wconf 95' lang='grc'>2.</span> <span class='ocrx_word' id='word_1_191' title='bbox 805 3324 890 3403; x_wconf 81' lang='grc'><strong>26,2.</strong></span> <span class='ocrx_word' id='word_1_192' title='bbox 915 3323 1044 3403; x_wconf 83' lang='grc'><strong>2.27,3.</strong></span> <span class='ocrx_word' id='word_1_193' title='bbox 1243 3327 1246 3332; x_wconf 85' lang='grc'><strong>’</strong></span> 
     </span>
    </p>
   </div>
   <div class='ocr_carea' id='block_1_7' title="bbox 638 3586 1026 3672">
    <p class='ocr_par' dir='ltr' id='par_1_15' title="bbox 638 3586 1026 3672">
     <span class='ocr_line' id='line_1_29' title="bbox 638 3586 1026 3672; baseline 0.005 -18"><span class='ocrx_word' id='word_1_194' title='bbox 638 3587 685 3655; x_wconf 81' lang='lat' dir='ltr'>bc</span> <span class='ocrx_word' id='word_1_195' title='bbox 707 3603 864 3655; x_wconf 81' lang='lat' dir='ltr'>sermone</span> <span class='ocrx_word' id='word_1_196' title='bbox 887 3586 1026 3672; x_wconf 85' lang='lat' dir='ltr'>plebeio.</span> 
     </span>
    </p>
   </div>
   <div class='ocr_carea' id='block_1_8' title="bbox 238 3701 1425 3902">
    <p class='ocr_par' dir='ltr' id='par_1_16' title="bbox 238 3701 1425 3902">
     <span class='ocr_line' id='line_1_30' title="bbox 348 3701 1425 3796; baseline -0.002 -18"><span class='ocrx_word' id='word_1_197' title='bbox 348 3701 475 3796; x_wconf 86' lang='lat' dir='ltr'>Restat,</span> <span class='ocrx_word' id='word_1_198' title='bbox 502 3717 539 3777; x_wconf 94' lang='grc'>11</span> <span class='ocrx_word' id='word_1_199' title='bbox 562 3714 667 3779; x_wconf 87' lang='lat' dir='ltr'>Vellei</span> <span class='ocrx_word' id='word_1_200' title='bbox 691 3713 869 3778; x_wconf 90' lang='lat' dir='ltr'>orationem</span> <span class='ocrx_word' id='word_1_201' title='bbox 899 3713 1064 3777; x_wconf 87' lang='lat' dir='ltr'>nonnullis</span> <span class='ocrx_word' id='word_1_202' title='bbox 1096 3711 1130 3776; x_wconf 89' lang='lat' dir='ltr'>in</span> <span class='ocrx_word' id='word_1_203' title='bbox 1162 3714 1261 3778; x_wconf 90' lang='lat' dir='ltr'>rebus</span> <span class='ocrx_word' id='word_1_204' title='bbox 1293 3712 1425 3794; x_wconf 88' lang='lat' dir='ltr'>vulgari</span> 
     </span>
     <span class='ocr_line' id='line_1_31' title="bbox 238 3818 1425 3902; baseline -0.003 -16"><span class='ocrx_word' id='word_1_205' title='bbox 238 3819 401 3902; x_wconf 67' lang='lat' dir='ltr'>&#39;loquendi</span> <span class='ocrx_word' id='word_1_206' title='bbox 439 3820 672 3884; x_wconf 90' lang='lat' dir='ltr'>consuetudine</span> <span class='ocrx_word' id='word_1_207' title='bbox 710 3819 924 3900; x_wconf 89' lang='lat' dir='ltr'>depravatam</span> <span class='ocrx_word' id='word_1_208' title='bbox 963 3837 1035 3884; x_wconf 91' lang='lat' dir='ltr'>esse</span> <span class='ocrx_word' id='word_1_209' title='bbox 1070 3818 1297 3884; x_wconf 89' lang='lat' dir='ltr'>demonstrem.</span> <span class='ocrx_word' id='word_1_210' title='bbox 1359 3836 1425 3898; x_wconf 89' lang='lat' dir='ltr'>qua</span> 
     </span>
    </p>
   </div>
   <div class='ocr_carea' id='block_1_9' title="bbox 233 3940 1426 4347">
    <p class='ocr_par' dir='ltr' id='par_1_17' title="bbox 233 3940 1426 4347">
     <span class='ocr_line' id='line_1_32' title="bbox 244 3940 1424 4028; baseline -0.001 -18"><span class='ocrx_word' id='word_1_211' title='bbox 244 3945 342 4011; x_wconf 90' lang='lat' dir='ltr'>dere</span> <span class='ocrx_word' id='word_1_212' title='bbox 368 3946 433 4011; x_wconf 90' lang='lat' dir='ltr'>iam</span> <span class='ocrx_word' id='word_1_213' title='bbox 446 3945 596 4011; x_wconf 86' lang='lat' dir='ltr'>Kritzius</span> <span class='ocrx_word' id='word_1_214' title='bbox 612 3946 716 4010; x_wconf 87' lang='lat' dir='ltr'>verba</span> <span class='ocrx_word' id='word_1_215' title='bbox 740 3943 831 4025; x_wconf 75' lang='lat' dir='ltr'>iecit</span> <span class='ocrx_word' id='word_1_216' title='bbox 856 3943 1021 4028; x_wconf 82' lang='lat' dir='ltr'>(Prolegg</span> <span class='ocrx_word' id='word_1_217' title='bbox 1045 3961 1076 4023; x_wconf 88' lang='lat' dir='ltr'>p.</span> <span class='ocrx_word' id='word_1_218' title='bbox 1094 3940 1424 4028; x_wconf 85' lang='lat' dir='ltr'>LXXII—LXXV.)</span> 
     </span>
     <span class='ocr_line' id='line_1_33' title="bbox 243 4048 1426 4134; baseline -0.003 -16"><span class='ocrx_word' id='word_1_219' title='bbox 243 4051 303 4118; x_wconf 89' lang='lat' dir='ltr'>sed</span> <span class='ocrx_word' id='word_1_220' title='bbox 332 4052 461 4118; x_wconf 93' lang='lat' dir='ltr'>modum</span> <span class='ocrx_word' id='word_1_221' title='bbox 490 4052 647 4118; x_wconf 85' lang='lat' dir='ltr'>excedere</span> <span class='ocrx_word' id='word_1_222' title='bbox 677 4052 757 4117; x_wconf 92' lang='lat' dir='ltr'>mihi</span> <span class='ocrx_word' id='word_1_223' title='bbox 789 4051 938 4134; x_wconf 88' lang='lat' dir='ltr'>videtur,</span> <span class='ocrx_word' id='word_1_224' title='bbox 971 4069 1043 4116; x_wconf 90' lang='lat' dir='ltr'>cum</span> <span class='ocrx_word' id='word_1_225' title='bbox 1075 4048 1238 4130; x_wconf 90' lang='lat' dir='ltr'>permulta</span> <span class='ocrx_word' id='word_1_226' title='bbox 1270 4067 1354 4130; x_wconf 89' lang='lat' dir='ltr'>quae</span> <span class='ocrx_word' id='word_1_227' title='bbox 1385 4069 1426 4114; x_wconf 81' lang='lat' dir='ltr'>ex</span> 
     </span>
     <span class='ocr_line' id='line_1_34' title="bbox 233 4155 1425 4240; baseline 0.002 -20"><span class='ocrx_word' id='word_1_228' title='bbox 233 4159 413 4240; x_wconf 39' lang='lat' dir='ltr'>,scriptoris</span> <span class='ocrx_word' id='word_1_229' title='bbox 436 4159 645 4224; x_wconf 86' lang='lat' dir='ltr'>testinatione</span> <span class='ocrx_word' id='word_1_230' title='bbox 669 4163 742 4223; x_wconf 87' lang='grc'>1111</span> <span class='ocrx_word' id='word_1_231' title='bbox 765 4177 837 4224; x_wconf 87' lang='grc'>1111</span> <span class='ocrx_word' id='word_1_232' title='bbox 873 4158 971 4222; x_wconf 90' lang='lat' dir='ltr'>lacile</span> <span class='ocrx_word' id='word_1_233' title='bbox 994 4155 1228 4238; x_wconf 89' lang='lat' dir='ltr'>intellegimus,</span> <span class='ocrx_word' id='word_1_234' title='bbox 1252 4156 1425 4222; x_wconf 83' lang='lat' dir='ltr'>familiaris</span> 
     </span>
     <span class='ocr_line' id='line_1_35' title="bbox 235 4264 803 4347; baseline 0.002 -20"><span class='ocrx_word' id='word_1_235' title='bbox 235 4267 402 4331; x_wconf 84' lang='lat' dir='ltr'>sermonis</span> <span class='ocrx_word' id='word_1_236' title='bbox 426 4265 653 4347; x_wconf 87' lang='lat' dir='ltr'>neglegentiae</span> <span class='ocrx_word' id='word_1_237' title='bbox 676 4264 803 4330; x_wconf 90' lang='lat' dir='ltr'>tribuit.</span> 
     </span>
    </p>
   </div>
   <div class='ocr_carea' id='block_1_10' title="bbox 0 0 1568 4846">
    <p class='ocr_par' dir='ltr' id='par_1_18' title="bbox 0 0 1568 4846">
     <span class='ocr_line' id='line_1_36' title="bbox 0 0 1568 4846; baseline 0 1"><span class='ocrx_word' id='word_1_238' title='bbox 0 0 1568 4846; x_wconf 95' lang='lat' dir='ltr'> </span> 
     </span>
    </p>
   </div>
  </div>
 </body>
</html>
