3128 4846
692 303 865 362 ..16.„

293 496 412 558 Aecum
437 495 556 560 dicitur
580 491 720 577 tempus,
745 493 831 574 quod
853 491 984 558 initium
1009 491 1139 571 quidem
1162 490 1273 572 habet,
1307 489 1365 553 sed

185 601 249 668 fine
278 607 379 680 caret3
404 599 569 682 significat
592 601 695 682 igitur
718 600 874 679 temporis
915 597 1177 679 perpetuitatem.
1209 615 1229 660 a
1260 596 1366 677 poetis

186 727 290 775 aevum
315 709 449 789 ponitur
472 727 529 788 pro
555 725 749 788 quocunque
772 705 929 786 temporis
954 705 1078 786 spatio,
1114 721 1194 784 qnos
1218 702 1399 769 Velleius·

187 820 318 883 secutus
342 822 401 880 est.
439 817 466 880 2.
481 820 553 897 26,1
580 833 684 880 aevum
710 818 891 894 paternum.
927 817 956 876 2.
970 816 1045 894 36,3
1081 816 1228 876 nostrum
1251 827 1366 874 aevum.

186 929 216 988 2.
228 928 303 1004 89,6
329 939 422 987 omne
446 921 512 986 aevi
531 921 582 986 sui
606 921 749 1002 spatium
771 918 962 1000 impendere
985 919 1020 982 in
1044 917 1129 999 alqd.

292 1025 471 1112 Alioquiuut
494 1033 544 1092 est
556 1027 719 1109 allocutio,
745 1044 850 1091 sermo
864 1044 936 1090 cum
953 1025 1017 1089 alio
1031 1024 1174 1105 babitus,
1222 1022 1362 1102 primum

185 1135 354 1201 invenitur
376 1135 463 1214 apud
486 1139 600 1214 poetas
639 1133 770 1217 (Horat.
803 1132 905 1214 Epod.
944 1137 1049 1213 13,13.
1095 1130 1190 1197 ovid.
1213 1129 1311 1194 Trist.
1337 1135 1366 1195 1.

186 1247 250 1326 4,3.
273 1241 354 1307 ibid.
381 1239 478 1326 7,17).
525 1241 588 1306 Sed
621 1241 738 1306 Livius
772 1256 901 1320 quoque
924 1244 1093 1320 poetarum
1132 1237 1277 1318 exemplo
1303 1238 1365 1302 luto

185 1367 266 1414 voce
289 1365 368 1414 usus
402 1352 461 1412 est.
488 1353 515 1432 1,
530 1352 581 1413 34.
617 1351 723 1428 2424.
772 1346 853 1411 Vell.
879 1351 996 1427 2123,
1023 1343 1264 1409 3snbreiectus
1293 1362 1365 1408 con·

196 1460 310 1538 spectu
334 1455 550 1535 alloquioque.

294 1578 461 1663 Ampuuus
490 1583 584 1644 actus
614 1577 840 1659 amplectenti,
873 1576 1104 1656 praeeuntibus
1128 1575 1233 1654 poetis
1256 1575 1366 1655 posuit

187 1686 269 1759 Vell,
295 1694 323 1752 2.
351 1692 447 1769 123,2
473 1685 689 1751 circumfundi
713 1683 918 1764 amplexibus
942 1683 1081 1748 alicuius
1098 1681 1154 1765 (ct.
1170 1683 1267 1763 Verg.
1283 1683 1365 1747 Aen.

191 1800 218 1859 1.
244 1799 316 1859 637.
364 1792 453 1858 Orid.
477 1794 553 1858 Met.
580 1798 631 1875 11,
657 1791 850 1856 22312212
874 1790 1052 1870 amplexos.
1089 1787 1167 1852 ibid.
1192 1787 1299 1871 952).

295 1881 404 1963 Arcus.
429 1899 511 1963 1122
535 1899 642 1978 poetis
659 1898 724 1963 Iris
755 1897 916 1978 appellari
943 1897 1027 1962 solet
1050 1896 1160 1976 (Verg.
1182 1897 1263 1960 Aen.
1282 1900 1365 1977 5‚88.

187 2006 306 2086 Georg.
332 2011 360 2070 1.
386 2011 459 2071 331.
505 2006 653 2085 Propert.
679 2010 707 2069 3.
733 2007 816 2087 3,54.
863 2003 1057 2068 Horatdrs
1077 2011 1154 2083 poet.
1173 2007 1222 2067 18.
1246 2003 1365 2068 Tibull.

192 2118 218 2178 1.
231 2110 331 2196 433.)
367 2112 450 2178 Vell.
475 2118 503 2177 2.
518 2117 592 2194 59,6
628 2111 706 2176 solis
730 2111 817 2176 orbis
841 2111 875 2176 in
899 2112 1039 2176 colorem
1075 2128 1171 2174 arcus
1205 2108 1367 2176 redunda-

192 2224 246 2284 tns
271 2224 463 2299 conspectus
487 2223 545 2283 est.
1284 2284 1287 2290 ,

300 2323 492 2407 Auspicium.
539 2325 684 2406 auspicio
697 2324 836 2389 alicuius
860 2342 918 2404 pro
935 2323 1026 2405 duce,
1042 2323 1240 2402 imperatore
1256 2321 1365 2401 aliquo

188 2432 347 2513 imprimis
360 2438 477 2512 poetae
505 2430 624 2496 dicunt.
640 2430 725 2496 Vell.
743 2437 772 2496 2.
789 2434 861 2513 lon
877 2429 1033 2509 auspiciis
1049 2428 1204 2508 Pompeii.
1222 2435 1251 2512 2,
1270 2431 1366 2511 123,4

184 2538 344 2620 auspiciis
369 2537 578 2617 consiliisque
603 2537 689 2620 alcjs.
716 2541 856 2619 21153
905 2535 1019 2618 (Verg.
1047 2533 1140 2600 Ouid.
1156 2533 1295 2618 Horat).

300 2641 427 2707 Ouitdor
450 2643 647 2709 transfertur
660 2643 701 2708 ad
725 2643 825 2708 animi
841 2643 983 2707 virtutes
1007 2647 1041 2706 et
1065 2641 1205 2705 sumitur
1219 2659 1279 2724 pro
1303 2642 1368 2706 sin-

188 2751 338 2832 caritate,
363 2749 536 2833 probitate.
583 2749 889 2832 0112322215
914 2747 1091 2813 candorio
1119 2748 1179 2818 hoc
1206 2765 1287 2814 aevo
1315 2767 1368 2814 res

192 2859 410 2924 intermortua
440 2875 552 2940 paene.
584 2857 661 2922 ibid.
690 2861 776 2940 4,13.
822 2857 921 2923 Trist.
952 2860 980 2922 3.
1013 2860 1064 2920 67.
1100 2854 1222 2919 candor
1256 2855 1366 2920 animi.

188 2965 265 3031 Vell
290 2970 406 3048 2116,
432 2969 450 3028 5
476 2982 582 3046 neque
606 2964 690 3028 enim
713 2964 822 3029 iustus
845 2963 915 3028 sine
942 2961 1109 3028 mendacio
1134 2961 1256 3026 candor
1280 2959 1368 3044 apud

189 3073 293 3167 bonos
310 3071 436 3138 crimini
452 3078 512 3137 est.

301 3175 401 3262 Caput
437 3179 590 3262 fiumiuis,
626 3178 659 3243 id
694 3181 745 3242 ost
779 3175 861 3241 lons.
896 3176 979 3242 Vell.
1014 3179 1154 3256 2.105,3
1187 3175 1230 3239 ad
1271 3178 1370 3256 caput

197 3285 327 3366 Lupiae
364 3281 507 3351 fluminis
553 3285 689 3350 hiberna
735 3282 843 3348 locare
889 3280 1018 3367 (Horat.
1065 3280 1169 3346 Carm.
1212 3286 1238 3346 1.
1287 3284 1370 3364 1,22.

190 3393 323 3458 Lucret.
347 3390 479 3475 4,723.).
1074 3454 1077 3463 ,

301 3495 409 3563 Dcite.
434 3498 519 3563 idem
544 3502 595 3562 est
616 3515 656 3561 ae
668 3497 809 3563 virtutes
833 3493 943 3582 (Ovid.
956 3494 1032 3558 Met.
1049 3500 1080 3563 9.
1098 3499 1171 3558 746.
1188 3494 1246 3560 dos
1261 3493 1374 3560 formae

191 3605 342 3671 Arsam
368 3604 558 3670 allatos
592 3603 724 3686 ingenii.
760 3602 892 3668 Heroid.
934 3606 986 3683 15,
1001 3597 1091 3685 146.)
1136 3601 1220 3666 Vell.
1257 3605 1389 3684 1.12,3Ἰ

192 3710 345 3776 omnibns
367 3711 445 3776 belli
458 3729 496 3776 22
507 3715 594 3794 togae
617 3709 748 3776 dotibus
770 3708 961 3791 ingeniique
976 3726 1014 3772 ac
1029 3707 1214 3773 studiorum
1230 3708 1374 3774 eminen-

197 3818 353 3884 tissimus.

308 3921 474 4007 Eloquium
497 3924 584 3989 idem
607 3922 676 3989 iera
712 3926 885 4002 astatque
920 3920 1117 4002 eloquentia.
1150 3921 1232 3986 Vell.
1259 3926 1287 3986 2.
1297 3925 1373 4002 68,2

194 4031 318 4098 Oaefius
342 4032 394 4099 vir
418 4033 546 4114 eloquio
577 4032 751 4114 animoque
780 4029 913 4095 Curioni
937 4028 1120 4094 simillimus
1149 4027 1261 4113 (Verg.
1291 4029 1373 4112 Aen.

194 4139 303 4222 9‚383.
326 4144 442 4204 tonare
466 4139 602 4221 eloquio.
626 4138 721 4206 Ovid.
743 4138 838 4202 Pont.
863 4142 892 4201 2.
917 4139 1000 4200 251
1025 4135 1112 4200 nitor
1136 4133 1292 4217 eloquii).

285 4235 286 4240 ’
302 4243 394 4309 Finis
416 4264 475 4328 pro
499 4251 602 4310 morte
625 4249 812 4326 usurpatur.
836 4243 920 4309 Vell.
948 4245 975 4306 1.
991 4246 1083 4318 1232
1108 4259 1168 4306 noc
1198 4240 1375 4324 quidquam
