3128 4846
682 276 854 336 ..33-

173 469 349 552 praedictis
373 468 519 534 ducibus.
543 473 682 548 21123
719 466 859 532 decretis
882 466 970 532 12012
993 466 1131 548 iungere

280 575 661 659 1111222122.5,31111111112
684 573 795 640 timori
818 573 930 654 pudor.
955 576 984 637 2.
997 578 1073 657 8611
1099 591 1172 638 cum
1195 591 1232 638 se
1254 571 1358 652 parti·

173 685 235 750 bus
259 683 330 750 eius
355 682 552 747 miscuisset.
788 679 790 684 '

280 788 427 855 21121212.
451 791 593 870 21127
618 788 768 869 Agrippa
783 785 887 867 patris
910 791 1011 868 atque
1033 786 1178 853 eiusdem
1213 785 1268 853 avi
1302 785 1355 850 sui

176 896 321 962 animum
345 896 505 962 alienavit
527 894 602 960 sibi.
701 965 704 972 ,

283 1019 348 1084 2112
384 1021 485 1086 verba
521 1027 559 1084 ut
589 1017 750 1101 copulare,
779 1017 947 1100 destinare,
972 1037 1108 1101 parare,
1139 1034 1272 1094 2212212,
1304 1015 1355 1096 21,

173 1143 259 1207 quae
282 1145 303 1190 a
325 1126 451 1192 Velleio
474 1144 546 1191 cum
571 1125 681 1191 dativo
705 1126 961 1208 coniunguntur,
992 1126 1080 1206 apud
1109 1124 1249 1206 optimos
1280 1119 1357 1204 quo-

173 1249 238 1313 que
262 1232 438 1314 scriptores
472 1234 521 1298 ita
544 1239 703 1313 usurpata
726 1233 946 1299 inveniuntur.
970 1234 1125 1298 abhorret
1148 1238 1258 1297 autem
1281 1230 1357 1296 Vel-

176 1340 259 1405 leius
289 1341 330 1404 ab
363 1340 486 1421 optima
517 1339 646 1405 dicendi
675 1340 803 1404 ratione
834 1357 907 1404 curn
942 1341 1078 1404 verbum
1114 1356 1246 1422 wpaarc
1283 1355 1357 1403 cum

177 1444 290 1512 dativo
307 1447 484 1530 coniungit.
503 1452 532 1512 2.
544 1448 619 1533 921
649 1447 735 1512 Nero
752 1450 912 1527 aequatus
927 1445 1089 1528 Augusto.
1105 1452 1135 1510 2.
1149 1450 1225 1528 88,3
1242 1461 1358 1525 aeque·

175 1557 231 1620 tur
246 1554 433 1634 praedictae
448 1554 513 1618 iam
525 1553 664 1619 Antistii
678 1552 818 1620 Servilia
829 1553 946 1632 Lepidi
961 1571 1052 1617 uxor.
1069 1559 1099 1619 2.
1115 1557 1176 1617 127
1181 1557 1221 1634 ,1.
1251 1558 1280 1616 2.
1291 1553 1356 1633 4,2.

284 1678 426 1745 Dativus
450 1678 600 1758 sequitur
622 1678 702 1742 haec
725 1680 827 1744 verba
850 1677 1039 1758 composita:

283 1783 422 1848 accedere
448 1812 477 1840 ε
504 1785 772 1866 hinzukommen,
811 1784 1030 1866 hinzugeidgt
1060 1783 1200 1851 werden.
1236 1790 1266 1848 2.
1279 1787 1354 1863 26,3

178 1896 337 1972 quantum
351 1891 449 1957 huius
467 1891 589 1975 gloriae
605 1891 775 1972 famaeque
786 1892 930 1957 accessit!
959 1919 988 1948 =
1013 1891 1236 1972 beipflichten.
1263 1893 1355 1972 1.e,5

176 1997 318 2063 libenter
341 1998 383 2062 iis
406 1998 609 2064 accesserim.
632 1997 707 2078 (Cic.
732 2003 765 2063 et
789 1997 878 2064 Caes.
902 1999 1057 2065 accedere
1086 1995 1152 2082 ad.)

283 2121 468 2188 adhererem
483 2130 508 2190 1.
523 2130 575 2208 9‚6
589 2123 715 2189 invidia
733 2123 905 2189 altissimis
918 2123 1085 2190 adhaeret.
1100 2122 1232 2187 dativus
1249 2139 1308 2202 pro
1324 2121 1358 2184 in

177 2247 328 2310 praepos.
350 2231 425 2296 inde
449 2250 468 2296 2
490 2231 588 2297 Livio
612 2231 766 2295 usitatior
790 2249 861 2297 esse
885 2232 1000 2313 coepit.

285 2351 408 2438 adjicio.
441 2361 470 2421 2.
486 2361 537 2439 7,2
568 2355 644 2420 huic
675 2355 843 2421 atrocitati
875 2355 1038 2422 adiectum
1074 2355 1180 2421 scelus
1219 2353 1358 2419 unicum.

179 2461 480 2542 2.36,1.2.100,1.
514 2460 768 2546 2.124,1.(Ο10.
800 2467 833 2527 21
858 2463 936 2528 Caes.
966 2463 1028 2528 hoc
1058 2465 1192 2529 verbum
1224 2466 1259 2526 et
1288 2477 1361 2525 cum

179 2564 288 2631 dativo
317 2571 352 2631 21
384 2585 456 2632 cum
485 2568 729 2649 praepositione
761 2568 978 2652 coniungunt,
1009 2569 1157 2636 Velleius
1188 2587 1261 2633 cum
1292 2567 1360 2632 solo

184 2671 321 2754 dativo.)

284 2777 451 2848 admovere.
483 2783 511 2846 2.
527 2777 816 2868 70,5ζ121101211212
847 2781 1020 2848 mamillae.
1053 2789 1081 2848 2.
1095 2785 1169 2864 96,1
1194 2782 1357 2847 Neronem

178 2886 313 2968 propius
338 2886 468 2952 Caesari.
492 2885 571 2971 (Cic.
595 2894 629 2953 et
652 2888 731 2954 Caes.
755 2893 814 2953 aut
836 2888 877 2952 ad
890 2893 948 2952 aut
972 2885 1052 2973 dat.)

289 2991 419 3060 adcoloi.
443 2995 725 3078 281412211122
749 2996 837 3078 alcjs.
861 2994 951 3079 (inde
974 3015 994 3060 2
1016 2995 1136 3081 Livio.)

288 3119 463 3185 appropera.
490 3103 520 3166 2.
533 3103 606 3183 51,1
632 3101 765 3167 comites
778 3102 910 3166 fortuna
922 3102 953 3166 21
968 3106 1218 3183 aggregaverat.
1243 3107 1271 3167 2.
1286 3104 1360 3184 91,3

181 3207 374 3290 aggregatis
397 3206 460 3272 sibi
484 3205 667 3274 simillimis.
689 3226 747 3288 pro
772 3225 955 3292 aggregare
978 3208 1029 3273 ad.
1053 3206 1146 3292 (Cic.)

287 3330 408 3414 appelli.
433 3337 462 3396 2.
477 3333 574 3414 107,3
587 3331 679 3412 ripae
693 3332 822 3414 appelli.
847 3351 920 3397 cum
943 3351 1008 3397 acc.
1032 3333 1239 3398 coniunctum
1252 3336 1362 3398 exstat

182 3445 210 3504 1.
225 3444 285 3524 1,1.
311 3437 452 3520 Cyprum
477 3438 643 3518 appulsus.
667 3436 777 3503 Cicero
806 3443 864 3503 eut
894 3457 960 3503 acc.
991 3443 1049 3502 aut
1079 3457 1228 3520 praepos,
1261 3439 1362 3521 ponit.
1401 3421 1404 3428 ¹

179 3565 252 3613 cum
279 3544 344 3609 dat.
369 3541 518 3609 Velleius
541 3544 667 3625 primus
690 3545 867 3610 coniunxit.
892 3543 990 3630 (Liv.:
1014 3542 1079 3630 ad.)

286 3687 465 3733 assuescere.
479 3671 507 3734 2.
521 3671 583 3733 117
587 3675 618 3751 ,2
633 3668 771 3736 militiae
788 3675 950 3736 assuctus.
963 3669 1029 3736 dat.
1042 3670 1159 3737 dubius
1171 3675 1230 3736 est:
1243 3673 1272 3736 2.
1286 3675 1361 3752 292

182 3775 372 3844 commilitio
388 3780 548 3841 assuetus.
567 3782 596 3842 2.
611 3781 663 3858 79,
690 3781 706 3840 1
722 3777 896 3842 navalibus
912 3777 1145 3844 certaminibus
1163 3795 1361 3844 assuescere.

289 3899 431 3984 conferre
466 3919 539 3966 cum
573 3901 608 3965 io
641 3906 700 3966 aut
735 3899 778 3964 ad
815 3902 1112 3984 praepositionibus
1153 3902 1363 3984 coniungitur

205 4013 235 4072 2.
249 4011 335 4092 76,3.
358 4009 388 4071 2.
403 4011 507 4090 115,1.
532 4025 604 4072 cum
628 4006 694 4072 dat
720 4010 823 4090 1.9,6.

289 4130 488 4212 praeposit-io
512 4132 647 4199 verbum
662 4130 846 4213 coaiaapcrc
860 4131 1024 4214 sequitur,
1049 4138 1186 4214 excepto
1203 4151 1267 4200 uno
1284 4135 1365 4200 loco.

182 4243 213 4303 2,
227 4240 312 4321 79,1.
335 4238 494 4304 consultis
516 4237 606 4304 facta
630 4237 839 4320 coniungere.
