3128 4846
717 323 893 384 ..23-

325 531 471 596 lleoolure
494 531 578 597 idem
602 537 652 597 est
676 553 713 598 ac
736 533 885 600 celeriter
906 535 1021 601 redire.
1046 534 1138 602 Ouid.
1162 538 1238 602 Met.
1264 544 1291 602 7.
1318 543 1390 605 684.

212 639 298 704 Vell.
324 643 352 704 2.
380 643 472 719 laod
498 640 625 704 revolat
648 641 689 705 ad
712 646 845 722 patrem.
871 646 899 706 2,
926 645 1031 727 123,1.

324 743 459 830 Sippara
482 747 602 812 dicitur
625 747 663 812 de
687 751 856 814 scribente.
889 747 982 816 Ouid.
1006 749 1082 814 Met.
1108 753 1136 814 2,
1162 754 1225 816 326
1258 773 1391 834 corpora

214 851 430 918 danttumulo
443 855 638 936 signentque
661 857 721 920 hoc
738 857 878 921 carmine
895 875 1016 922 saxum.
1064 856 1160 940 Verg.
1184 859 1264 923 Aen.
1291 865 1387 942 3,387

216 979 284 1026 rem
298 962 438 1025 carmine
463 961 564 1044 signo.
576 963 683 1027 Plaut.
714 963 797 1048 Rud.
823 969 850 1028 5.
876 965 938 1046 2,7.
962 964 1044 1028 Vell.
1073 967 1098 1028 1.
1126 968 1196 1048 16,1
1222 984 1289 1030 rem
1314 966 1390 1030 stilo

166 1093 169 1100 ’
212 1069 350 1150 signare.
1477 1055 1479 1060 ⁵

229 1187 232 1194 ·
319 1173 437 1257 Sopor.
462 1175 554 1240 Ouid.
579 1176 655 1240 Met.
688 1182 716 1240 7.
743 1179 804 1241 149
829 1179 1020 1260 pervigilem
1043 1179 1152 1244 herbis
1188 1182 1294 1261 sopire
1318 1181 1389 1246 dra·

211 1301 330 1348 eonem.
359 1283 476 1347 Tibull.
503 1289 530 1346 3.
555 1287 639 1365 4,19.
663 1284 745 1348 Vell.
771 1287 799 1348 2.
827 1288 921 1368 125,3
957 1287 1117 1351 translate
1145 1287 1240 1352 dicit:
1271 1280 1389 1354 tumul-

209 1393 280 1454 tum
304 1389 418 1469 sopire.

318 1494 446 1559 Sumere
480 1498 620 1560 acimum
662 1503 838 1578 praeeunte
876 1500 993 1566 Ouidio
1036 1501 1126 1568 Fast.
1164 1505 1271 1584 1,147.
1310 1503 1390 1568 dicit

207 1607 291 1671 Vell.
316 1610 344 1668 2.
375 1609 445 1686 17,3
474 1605 511 1668 L.
534 1605 701 1670 Cornelius
723 1605 815 1671 Sulla
837 1625 877 1670 ex
900 1625 1051 1672 successu
1075 1609 1217 1672 animum
1242 1612 1389 1691 sumpsit.

320 1709 494 1774 Tumescere
517 1731 537 1776 a
559 1714 664 1792 poetis
681 1713 758 1778 solis
782 1719 959 1794 usurpatur
975 1712 1085 1798 (Verg.
1103 1713 1210 1799 Ouid.)
1227 1736 1286 1797 pro
1310 1717 1388 1799 glis·

207 1839 291 1903 cere,
317 1821 399 1884 olam
423 1819 554 1884 moveri.
600 1821 683 1885 Veli.
709 1823 737 1883 2.
764 1825 835 1903 15,1
861 1825 1043 1887 tumescens
1066 1823 1195 1888 bellum.

196 2116 199 2123 ,
313 2053 487 2116 Poetarum
511 2051 688 2116 imitationi
720 2071 792 2116 mea
815 2053 944 2132 quidem
968 2054 1130 2117 sententia
1153 2055 1287 2120 liberior
1309 2073 1386 2136 qno·

206 2176 269 2240 que
292 2159 349 2222 illa
376 2159 548 2223 verborum
580 2158 747 2224 collocatio
770 2159 943 2224 tribuenda
974 2163 1041 2241 est,
1071 2177 1154 2240 quae
1181 2163 1386 2243 cognoscitur

206 2284 247 2330 ex
270 2284 317 2347 eo,
342 2264 427 2344 quod
457 2264 602 2328 Velleius
632 2265 733 2330 verba
756 2283 853 2330 sensu
876 2265 1083 2331 cohaerentia
1104 2269 1293 2348 saepissime
1316 2287 1380 2334 uno

208 2378 266 2437 aut
281 2373 430 2452 pluribus
445 2371 647 2452 interpositis
669 2372 854 2456 disiungere
871 2374 961 2438 solet.
1007 2374 1142 2439 Minime
1159 2375 1244 2440 enim
1259 2374 1381 2438 Kritzii

206 2480 402 2544 sententiam
424 2479 562 2559 probare
584 2498 725 2562 possum,
752 2481 807 2560 qui
830 2480 892 2546 hoc
922 2480 1079 2546 sermonis
1107 2479 1278 2546 familiaris
1307 2499 1385 2564 neg·

202 2587 342 2670 ligantia
366 2591 471 2652 ortum
488 2603 560 2652 esse
585 2587 664 2651 dicit
688 2585 852 2672 (Prolegg.
875 2605 905 2668 p.
928 2584 1111 2671 dxxiii),
1137 2605 1209 2652 curn
1233 2587 1383 2668 equidem

203 2713 396 2774 persuasum
411 2695 559 2776 habeam,
578 2712 759 2760 sermonem
776 2712 976 2758 communem
992 2693 1076 2758 nulli
1091 2693 1138 2758 rei
1155 2694 1261 2776 magis
1286 2711 1383 2774 quam

202 2801 430 2882 perspicuitati
472 2801 638 2866 studuisse
674 2805 706 2868 et
742 2802 782 2866 ab
819 2802 969 2881 quaesita
1004 2802 1178 2866 verborum
1214 2805 1383 2865 structura

202 2908 418 2972 abhorruisse.
449 2907 487 2972 cf.
522 2911 549 2970 2.
577 2910 645 2987 14,1
674 2909 760 2972 hunc
784 2907 879 2972 finem
904 2906 1105 2972 clarissimus
1135 2905 1267 2973 iuvenis
1292 2906 1384 2973 vitae
1506 2913 1509 2921 '

202 3013 327 3078 habuit.
357 3021 385 3078 2.
410 3017 484 3093 342
509 3033 550 3078 ne
574 3015 613 3078 ab
637 3013 734 3079 huius
758 3013 888 3095 quidem
912 3031 1013 3077 usura
1036 3013 1161 3094 gloriae
1184 3012 1385 3094 temperavit

203 3121 354 3186 animum.
383 3125 411 3186 2,
437 3123 513 3205 59,4
538 3121 646 3186 Caesar
669 3119 711 3185 ad
746 3118 957 3186 erudiendam
981 3119 1172 3185 liberalibus
1197 3118 1382 3199 disciplinis

202 3228 381 3310 singularis
404 3227 544 3293 indolem
570 3226 699 3294 iuuenis
723 3228 929 3310 Apolloniam
954 3247 1025 3293 eum
1058 3228 1204 3293 miserat.
1229 3231 1257 3292 2.
1284 3230 1379 3309 100,1

201 3336 307 3401 sensit
341 3341 501 3400 terrarum
533 3335 620 3400 orbis
653 3334 835 3416 digressum
867 3333 1059 3399 acustodia
1086 3335 1249 3400 Neronem
1279 3333 1381 3414 urbis,

201 3445 230 3508 2.
249 3445 345 3523 11],3
362 3447 489 3524 partem
506 3443 669 3507 exercitus
694 3443 734 3507 ab
758 3444 838 3507 urbe
861 3441 977 3506 traditi
1002 3442 1041 3505 ab
1065 3441 1217 3523 Augusto
1241 3440 1380 3520 perduxi

200 3549 243 3614 ad
267 3549 378 3614 filium.
403 3550 443 3614 al.

307 3655 394 3720 Illud
426 3673 563 3740 quoque,
593 3655 679 3736 quod
711 3655 854 3736 qualitas
882 3659 940 3718 aut
969 3658 1098 3735 natura,
1124 3657 1162 3718 ut
1184 3653 1232 3717 ita
1257 3653 1376 3735 dicam,

200 3779 299 3844 quam
329 3781 382 3828 res
411 3763 521 3846 habet,
553 3764 594 3827 ab
627 3778 664 3827 ea
689 3762 890 3844 disiungitur
913 3767 946 3827 et
969 3780 1028 3842 per
1051 3778 1086 3825 se
1108 3759 1259 3844 sumitur,
1284 3758 1379 3840 quasi

199 3868 273 3951 ipsa
286 3870 402 3952 altres,
419 3868 453 3933 id
481 3869 566 3950 quod
582 3869 749 3934 rarissime
763 3869 849 3950 apud
862 3869 988 3949 priores
1010 3867 1183 3950 reperitur,
1209 3885 1281 3931 etim
1305 3883 1383 3945 pro·

197 3977 304 4057 prium
329 3971 374 4040 s'it
396 3977 529 4058 linguae
552 3976 705 4057 labentia,
739 3975 826 4056 apud
849 3974 1010 4041 Velleium
1034 3991 1097 4039 non
1122 3972 1224 4038 semel
1253 3970 1379 4035 inveni·

198 4101 280 4148 mus.
313 4085 342 4148 2.
369 4086 464 4164 104,3
489 4082 806 4172 caelestissimorum
821 4083 891 4148 eius
915 4099 1046 4163 operum
1072 4083 1238 4161 spectator
1262 4082 1296 4141 et
1317 4095 1377 4157 pro

204 4193 302 4270 captu
333 4187 554 4252 rnediocritotis
576 4207 660 4252 mene
691 4189 822 4254 adiutor
852 4188 910 4254 tui.
946 4191 976 4270 2,
1004 4190 1098 4268 111,3
1122 4184 1238 4250 habuit
1260 4183 1296 4248 in
1318 4182 1384 4246 hoc.

198 4311 326 4378 quoque
365 4295 451 4362 bello
491 4293 685 4359 madberitaa
732 4303 840 4360 azoara
875 4295 1016 4377 speciosi
1053 4290 1227 4358 ministerii
1261 4289 1377 4354 locum.
