3128 4846
721 322 900 383 ...45-

672 517 811 627 eaput
844 511 937 609 VH.

325 813 364 876 In
397 813 542 878 oratione
571 814 701 895 obliqua
731 815 930 881 indicativus
958 815 1100 896 scriptus
1133 824 1192 901 eet,
1226 820 1281 901 qui
1311 819 1399 885 idem

217 919 305 1000 apud
328 920 466 1001 optimos
490 921 665 1002 scriptores
687 921 861 988 iuvenitur.
886 925 914 986 2.
928 925 1003 1005 272
1028 941 1204 1003 numquam
1228 925 1400 992 defuturos

223 1030 373 1108 raptores
397 1027 534 1092 italicae
557 1028 719 1093 libertatis
743 1029 846 1112 lupos,
871 1029 936 1094 nisi
960 1030 1045 1094 silva
1069 1029 1103 1094 in
1128 1050 1225 1111 quam
1248 1033 1401 1116 refugere

217 1134 332 1214 solent,
357 1132 533 1217 (Halmiusz
557 1135 723 1218 solerent.)
746 1142 834 1201 esset
869 1137 987 1203 excisa.
1012 1139 1041 1201 2.
1055 1139 1129 1218 942
1156 1139 1203 1204 Ti.
1225 1133 1397 1204 ¹Claudius

217 1241 315 1324 Nero,
330 1241 385 1321 qni
397 1241 557 1326 protinus,
571 1248 713 1322 quantus
723 1250 788 1324 est,
803 1244 927 1324 sperari
941 1248 1104 1326 potuerat,
1118 1251 1178 1310 etc.
1192 1245 1233 1312 ci.
1247 1249 1275 1312 2.
1292 1249 1399 1328 117,3.

324 1347 543 1413 Indioativum
561 1348 706 1414 Velleius
723 1350 832 1430 posuit
856 1351 1043 1431 discrepans
1055 1353 1096 1416 eb
1121 1352 1243 1432 optima
1267 1353 1397 1419 dicendi

216 1454 344 1520 ratione
367 1461 393 1519 1.
409 1455 662 1536 lamentantem
687 1463 826 1539 tempus,
850 1458 955 1540 magis
979 1458 1055 1538 quia
1078 1460 1232 1546 volebant
1256 1459 1402 1526 Romani.

217 1561 360 1643 credere,
402 1581 498 1643 quam
533 1545 625 1643 quia
644 1563 804 1628 credenda
839 1563 1068 1645 atterebantur,
1105 1566 1224 1630 statuit
1259 1572 1403 1632 senatus·

217 1667 449 1752 Carthaginem
473 1670 654 1735 excindere.
677 1671 804 1750 priores
828 1690 901 1735 cum
925 1672 1029 1736 altero
1053 1671 1130 1754 quia
1153 1673 1401 1740 coniunctivum

236 1776 470 1842 oniunxissent.

322 1902 556 1967 Oouiuuotivus
588 1902 738 1982 sequitur
760 1901 955 1983 particulam
987 1902 1063 1967 dum
1087 1900 1128 1986 (z
1150 1921 1185 1967 so
1209 1904 1307 1985 lange
1330 1903 1399 1984 als.

215 2009 385 2092 wthrend)
424 2015 517 2091 1.2,2
553 2009 610 2076 seo
645 2010 698 2075 hic
726 2010 1000 2090 insequentesque
1032 2009 1205 2074 archontes
1219 2028 1322 2091 usque
1352 2009 1404 2074 adl

215 2115 404 2198 Charopem,
424 2116 499 2180 dum
522 2117 672 2182 viverent
696 2135 768 2182 eum
793 2116 948 2180 honorem
973 2115 1185 2194 usurpabant.
1209 2113 1299 2198 (dum
1321 2135 1403 2198 per-t

214 2223 317 2288 ticula
353 2242 425 2288 cum
449 2222 594 2304 perlecto
627 2223 801 2288 coniuncta
833 2228 892 2287 est.
938 2228 964 2286 1.
981 2227 1052 2304 18,·.’
1088 2220 1163 2286 dum
1197 2221 1291 2288 vixit.
1321 2242 1399 2288 oum

214 2329 405 2410 imperfecto
442 2335 470 2394 2.
485 2333 569 2412 63,1.
605 2330 681 2395 dum
721 2335 793 2395 erat
828 2329 965 2394 sobrius,
997 2327 1165 2393 rarissime
1196 2329 1395 2410 particulam

212 2436 260 2501 ita
277 2442 474 2518 ,usurpatam
498 2437 646 2503 invenies
670 2437 757 2518 apud
779 2436 927 2519 priores.)

323 2562 561 2630 Coniunctivus
573 2562 694 2643 pendet
717 2581 759 2628 ex
783 2561 955 2643 particulis
979 2559 1040 2642 ubi,
1065 2560 1168 2626 simul,
1193 2567 1222 2626 2.
1237 2563 1314 2643 24,4
1337 2561 1396 2626 ubi

214 2669 357 2736 vicisset.
382 2675 411 2736 2.
425 2673 499 2752 29,3
531 2668 588 2734 ubi
610 2674 788 2734 vereretur.
813 2671 842 2734 2.
856 2673 930 2753 88,1
957 2668 1054 2733 simul
1077 2669 1111 2732 in
1148 2667 1259 2732 urbem
1283 2685 1398 2732 rever·-

212 2777 318 2842 tisset.
343 2782 455 2860 2.88,1
482 2777 539 2842 ubi
562 2795 616 2842 res
645 2775 795 2858 vigiliam
819 2776 977 2858 exigeret.
1002 2776 1107 2840 simul·
1121 2773 1245 2854 aliquid
1268 2773 1393 2839 remitti

215 2888 333 2964 posset.
358 2881 411 2966 (oi.
434 2883 584 2967 Draager
606 2883 682 2948 hist.
706 2882 798 2963 synt.
823 2881 850 2967 ξ.
876 2865 963 2966 501.)

323 2985 518 3056 Pronomino
538 2989 739 3072 quicunque,
765 2989 912 3069 quisquis
936 3007 957 3054 a
979 2987 1143 3070 prioribus
1167 3005 1294 3068 semper
1324 2985 1399 3051 iere·

215 3114 288 3164 cum
318 3096 497 3162 indicativo
523 3097 700 3162 coniuncta
730 3100 816 3178 sunt,
846 3115 866 3160 a
893 3095 1129 3161 recentioribus
1160 3095 1290 3175 saepius
1320 3111 1394 3157 oum

215 3203 430 3270 coniunctivo.
459 3203 498 3270 cf.
521 3204 603 3269 Vell.
638 3206 753 3286 1.12,2
785 3201 942 3282 quidquid
966 3201 1139 3269 diceretur.
1164 3203 1282 3283 1.17,4
1305 3199 1398 3280 quis--

216 3311 288 3392 quis
308 3298 490 3392 temporum
513 3309 779 3376 institorunoos.
804 3314 832 3373 a.
847 3314 909 3390 ar.
934 3315 963 3373 a.
978 3313 1061 3392 rep.
1086 3310 1115 3371 a.
1131 3310 1214 3389 raa
1240 3313 1268 3372 a.
1284 3307 1399 3388 roae,

215 3419 354 3501 saepius.

321 3527 384 3592 His
414 3526 523 3592 verbis
551 3523 675 3606 priores
703 3529 761 3588 aut
790 3541 864 3588 raro
896 3528 955 3588 aut
983 3539 1157 3601 numquam
1192 3517 1400 3584 infinitivum

214 3633 449 3716 adiungebant.

321 3759 490 3804 assuescere
513 3737 542 3806 2.
556 3743 639 3823 33‚4.
665 3735 754 3821 (inde
777 3756 797 3802 a
820 3735 941 3821 Livio.)

321 3847 477 3930 coutinpit.
508 3844 677 3930 (usitatius
705 3850 757 3910 est
780 3842 952 3926 contingit,
976 3844 1034 3924 ut.)
1058 3843 1209 3924 2.101,2.
1239 3839 1398 3920 21212,

215 3959 353 4039 2.124,2
378 3962 420 4021 et.
443 3959 473 4020 4.
497 3951 610 4037 (Verg.
634 3949 764 4034 Horat.)

321 4061 452 4148 deperdet
475 4067 503 4125 2.
522 4066 605 4142 73,3.
629 4048 734 4142 (ἅπαξ
754 4050 952 4151 λεγόμενον)

216 4189 219 4193 ·
315 4189 433 4254 parum
456 4165 565 4230 lactere
589 4172 617 4231 2.
632 4167 715 4246 76,4.

321 4275 487 4360 indiquora'
510 4280 539 4339 2.
556 4276 640 4355 29,4.
665 4271 769 4354 (Poet.
792 4269 864 4336 Liv.
889 4266 1014 4354 Quint.)
