3128 4846
686 251 860 312 ..96-

284 445 498 526 Iateramptor.
531 446 658 524 2.129,1
717 461 781 522 qua
818 443 874 508 ille
913 441 1090 523 prudentia
1123 442 1357 522 Rhascupolim-

175 548 440 631 interepmtorem
478 550 592 615 fratris
620 549 757 616 Romam
789 551 949 617 evocavit!
973 548 1012 615 ci.
1036 549 1147 616 Senes.
1170 566 1218 630 ep.
1255 551 1357 614 70.14

175 656 440 737 interemptorem
464 657 516 721 sui
539 657 609 720 lreri
633 656 718 722 lieri.

214 769 217 778 '
283 761 423 845 scopator
449 764 504 843 qui
528 763 647 843 scalpit
674 767 782 846 1,17,4
815 765 876 828 hoo
910 763 997 828 idem
1021 764 1172 828 evenisse
1195 781 1365 844 gramma·-

174 869 263 952 titis,
288 871 418 951 plastis,
444 871 633 951 pictoribus,
660 871 888 952 scalptoribus,
921 871 1069 950 quisquis
1100 875 1283 948 temporum
1307 871 1355 933 in·

174 977 298 1041 stiterit
322 977 418 1058 notis,
442 977 593 1057 reperiet.
618 977 752 1042 eandem
766 995 877 1043 vocem
900 977 1046 1042 Velleius
1072 982 1178 1057 1.11‚4
1206 975 1355 1056 pluribus

173 1083 283 1147 verbis
299 1084 449 1163 explicat.
466 1084 558 1148 cuius
574 1089 704 1149 turmae
721 1084 778 1168 (se.
802 1083 1001 1167 statuarum)
1016 1085 1102 1149 hano
1115 1101 1245 1148 causam
1272 1083 1354 1148 refe·

172 1195 259 1270 runt,
285 1191 440 1276 Magnum
464 1191 688 1267 Alexandrum
711 1190 904 1272 impetrasse
927 1191 1108 1272 aLysippo
1124 1190 1281 1273 stapulora‘
1308 1196 1354 1252 to·

174 1297 251 1359 liam
274 1302 396 1359 amare
419 1286 555 1379 oporam,
581 1301 618 1361 ut
641 1301 700 1362 ete.
748 1297 846 1381 (Pliu.
871 1295 1026 1379 saepius.)

279 1406 479 1468 abstractum
492 1403 526 1468 in
542 1423 588 1483 or,
601 1404 687 1484 quod
699 1405 785 1484 aqud
801 1403 1277 1486 Velleiumprimuminvenies
1294 1409 1354 1468 est:

280 1508 412 1574 Mereor.
436 1509 471 1574 id
502 1518 553 1575 est
575 1511 727 1592 putredo,
758 1513 868 1594 tabeS,
899 1512 1046 1592 languor.
1079 1510 1280 1575 translertur
1312 1511 1354 1574 ad

173 1618 315 1682 animum
342 1621 480 1700 21152
506 1618 669 1682 exereitus
693 1637 837 1682 marcore
862 1618 953 1682 ducis
976 1635 1080 1697 usque
1094 1617 1146 1681 ad
1160 1617 1354 1682 internecio·
1396 1625 1400 1636 '

171 1743 244 1789 nem
257 1725 442 1789 trucidatus
464 1729 522 1789 est.
545 1725 583 1788 ot.
598 1724 707 1789 Senee.
720 1725 898 1805 Tranquill.
913 1730 942 1788 2.
958 1730 1006 1788 10.
1025 1724 1107 1790 Stat.
1120 1725 1221 1789 Theb.
1235 1731 1265 1806 8,
1280 1729 1360 1790 265..

279 1831 494 1897 Substantiva
518 1832 673 1896 exeuntia
695 1832 729 1895 in
753 1831 831 1895 iam:

278 1937 482 2001 Adiutoriam
505 1936 591 2002 idem
615 1942 714 2017 atque
750 1939 916 2002 auxilium.
941 1937 981 2002 of.
1017 1937 1127 2003 Seneo.
1163 1955 1213 2017 ep.
1253 1943 1305 2002 31.
1320 1943 1375 2023 5.,

170 2063 189 2108 5
221 2043 422 2126 Quintiliano
451 2045 591 2109 sumitur
620 2063 679 2124 pro
708 2045 852 2109 subsidio
877 2047 907 2109 3.
921 2050 1005 2127 6,83.
1032 2051 1059 2109 3.
1074 2047 1136 2126 9‚4.
1179 2045 1352 2128 12.1o‚43.

170 2152 254 2217 Vell.
291 2147 432 2233 2.’112,4
477 2152 596 2231 quippe
640 2169 792 2231 magnam
825 2153 988 2216 Thracum
1024 2169 1156 2215 manum
1188 2151 1351 2216 Thraciae

169 2279 229 2325 rex
253 2261 287 2324 in
309 2259 508 2324 adiutorium
534 2259 602 2323 eius
626 2259 704 2323 belli
729 2275 836 2322 seeum
860 2259 1025 2324 trahebat.

275 2381 462 2468 1252555555,
488 2382 641 2448 effluendi
658 2388 759 2448 actus.
785 2387 923 2465 21251
955 2383 1075 2448 Caldus
1104 2381 1234 2447 caelius
1266 2388 1353 2448 cate.

167 2511 282 2556 narum
296 2491 413 2554 seriem
429 2491 477 2555 ita
493 2489 599 2554 inlisit
615 2490 715 2570 capiti
729 2509 798 2571 suo,
817 2495 854 2554 ut
866 2489 1017 2577 protinus
1034 2490 1159 2569 pariter
1176 2491 1353 2571 sanguinis

166 2583 355 2678 cerebrique
391 2596 523 2662 effluvio
558 2597 848 2676 exspiratura.
880 2598 965 2661 Anu.
1009 2599 1058 2661 12,
1074 2599 1112 2660 71
1165 2597 1361 2688 convivium

165 2705 299 2770 effluvio
324 2705 413 2768 laous
438 2704 629 2784 appositum.
653 2704 737 2768 Plin.
763 2709 791 2768 7.
805 2709 889 2786 52,1.

270 2825 464 2890 Eporediam
495 2827 581 2891 idem
612 2831 663 2892 est
694 2833 793 2907 atque
824 2827 1024 2892 exercitatio,
1055 2833 1193 2910 2.109,1
1228 2847 1345 2909 corpus

164 2953 259 2999 suum
288 2933 540 2998 custodientium
572 2933 742 3013 imperium
775 2934 942 3014 perpetuis
973 2935 1139 2999 exercitiis
1171 2953 1276 3016 paene
1308 2934 1350 2999 ad

164 3041 332 3106 Romanae
366 3040 559 3120 disciplinae
589 3038 727 3104 formam
758 3038 925 3105 redactum
958 3045 1016 3105 est.
1049 3041 1123 3105 Tae.
1147 3040 1235 3106 Anu.
1260 3048 1288 3106 2.
1304 3046 1344 3106 55

162 3148 317 3214 exercitio
342 3147 486 3226 equitum
510 3147 679 3210 iuteresse.

269 3251 469 3331 maenarum
492 3251 580 3333 apud
595 3252 757 3317 Velleium
773 3252 911 3333 primum
928 3257 1047 3335 exstat,
1073 3272 1269 3336 quamquam
1286 3254 1357 3320 du-⁴

160 3363 250 3428 bium
273 3380 338 3426 non
362 3378 433 3424 esse
466 3365 561 3440 puto,
595 3359 673 3438 quin
706 3359 771 3422 iam
800 3364 900 3424 antea
930 3361 964 3424 in
995 3377 1057 3424 usu
1088 3359 1197 3425 fuerit.
1231 3367 1259 3425 2.
1275 3365 1350 3444 31,3

159 3469 230 3536 Sed
253 3474 365 3534 tamen
388 3466 474 3530 idem
498 3466 560 3530 hoe
584 3470 661 3530 ante
685 3465 890 3546 septennium
917 3466 1083 3531 decretum
1100 3472 1181 3532 erat.

271 3566 399 3639 Novum
424 3571 668 3638 substantivum
691 3571 725 3636 in
749 3579 796 3634 las
824 3572 987 3652 syllabam
1011 3578 1077 3637 est:

270 3677 423 3744 Ciuililos.
461 3683 513 3743 est
546 3697 584 3744 55
613 3679 738 3760 uirtus,
771 3697 854 3759 quae
885 3680 919 3744 in
951 3679 1105 3745 comitate
1143 3680 1280 3760 quadam
1316 3685 1349 3746 et

163 3785 323 3851 modestia
347 3780 530 3850 constituta
551 3789 601 3849 est
623 3790 657 3849 et
679 3784 721 3849 ad
737 3785 842 3850 vitam
858 3787 1021 3866 publicam
1036 3786 1189 3866 pertinet.
1203 3793 1231 3851 2.
1250 3791 1365 3870 111,4-

164 3899 285 3975 quanto
311 3912 383 3958 oum
407 3896 663 3972 temperamento
680 3892 785 3957 simul
808 3893 954 3960 civitatis
976 3910 1030 3958 res
1063 3893 1260 3958 auctoritate
1290 3893 1367 3960 im·-

161 3999 328 4080 peratoria
352 3999 407 4081 agi
430 3998 590 4066 vidimus!
616 3997 741 4083 (Quint.
766 4005 916 4084 2.1t,33.
941 4000 1029 4066 Suet.
1053 3999 1138 4081 Aug.
1168 3997 1234 4084 51.)

271 4105 307 4168 in
331 4125 384 4168 am
408 4105 577 4188 syllabam.

266 4207 493 4276 Maridiaaam.
517 4215 558 4278 ab
583 4211 747 4279 adiectivo
771 4211 981 4280 meridianus.
1005 4217 1056 4278 est
1079 4213 1178 4295 plaga
1202 4213 1289 4279 orbis
1306 4213 1366 4279 ad„
