3128 4846
676 269 854 328 ..28-

284 459 484 524 Oocrulrutua
515 450 619 544 (ἅπαξ
628 454 825 542 λεγόμενον)
849 458 924 523 Aci.
959 476 979 522 a
1014 459 1194 523 caeruleus
1232 463 1260 522 2.
1275 462 1362 539 83,2·

174 570 318 634 Plancus
343 587 415 632 cum
440 568 644 632 caeruleatus
668 570 702 631 et
724 566 833 630 nudus
857 565 1018 631 Glaucum
1042 566 1206 630 saltasset.

282 673 451 753 Infestatus
475 676 564 739 Part.
577 676 619 738 ab
642 672 809 738 infestare.
836 679 864 737 2.
884 678 958 756 73,3
972 673 1140 738 latrocinis
1166 691 1204 736 ac
1217 671 1353 752 praeda·

176 783 321 848 tionibus
345 781 537 847 infestatum
561 799 660 846 mare.

281 887 491 971 Inimitabilis,
517 907 610 969 quem
633 889 757 954 imitari
780 907 845 953 non
875 905 1056 968 possumus.
1082 893 1111 951 2.
1130 892 1204 969 79‚3
1229 903 1354 951 morum

177 1000 264 1060 certe
297 994 433 1060 dialcedo
462 1013 501 1059 ac
536 1014 596 1076 par
624 995 675 1058 sui
708 994 893 1059 aestimatio
917 993 1124 1059 inimitabilis
1148 992 1252 1058 tuisse
1276 992 1359 1057 dici·-

178 1106 242 1166 tur.
267 1099 409 1186 (Quint.)

290 1204 415 1292 laquies
452 1208 538 1274 idem
562 1212 613 1272 est
641 1211 741 1288 atque
771 1207 946 1288 inquietus.
976 1214 1004 1272 2.
1028 1210 1103 1290 68,3
1134 1207 1187 1273 vir
1216 1206 1360 1286 inquies

178 1320 208 1378 2.
227 1319 301 1396 77,2
326 1315 463 1380 animus.
489 1316 586 1400 (Plin.
609 1312 700 1399 Tac.)

284 1418 480 1484 incarnatos
507 1422 754 1502 participiorum
783 1439 872 1486 more
906 1422 1080 1486 alacerna
1103 1420 1243 1503 effictus,
1267 1419 1356 1486 idem

179 1545 218 1592 ac
248 1528 381 1592 lacerna
403 1527 546 1593 indutus.
584 1534 613 1593 2.
629 1533 705 1610 10,3
730 1546 802 1592 cum
833 1527 968 1592 inermis
991 1534 1025 1592 et
1047 1527 1235 1592 lacernatus
1259 1532 1355 1593 esset.

177 1634 315 1700 Iuvenal
343 1640 369 1699 1.
389 1641 439 1701 62.
464 1635 552 1701 Suet.
576 1636 674 1701 Nero.
699 1641 751 1702 28.

286 1755 388 1823 Proca
403 1757 537 1845 (oratio)
556 1765 583 1825 1.
601 1766 675 1843 17,3
693 1759 875 1842 protectum
892 1779 1009 1842 prosae
1026 1759 1230 1840 eloquentiae
1247 1760 1366 1826 decus.

178 1867 218 1932 ci.
235 1866 345 1949 Quint.
363 1872 413 1931 10.
432 1868 458 1931 1.
475 1885 504 1931 a.
520 1866 601 1932 med.
618 1866 700 1932 Geli.
728 1868 867 1950 12122
892 1866 979 1947 apud
1003 1867 1191 1932 Olceronem
1205 1867 1356 1932 invenies

178 1975 277 2040 etiam
312 1974 347 2038 in
381 1992 479 2054 prosa
514 1975 661 2038 oratione
696 1973 866 2056 quaedam,
902 1993 943 2039 ex
979 1974 1097 2054 quibus
1142 1979 1201 2040 etc.
1237 1974 1312 2040 inde
1335 1993 1367 2038 a.

179 2080 306 2148 Velleio
331 2081 471 2160 saepius.

286 2201 658 2286 Sacardotalis.2.124‚4
688 2205 769 2270 mihi
792 2203 936 2286 iratique
959 2224 1030 2271 meo
1052 2205 1199 2287 proxime
1223 2226 1243 2271 a
1266 2207 1356 2271 nobi·

178 2313 312 2379 lissimis
344 2330 383 2376 ac
414 2312 671 2377 sacerdotalibus
693 2312 775 2378 viris
799 2313 956 2378 destinari
979 2315 1184 2394 praetoribus
1209 2315 1367 2398 contigit„

177 2421 262 2487 Plin.
278 2439 327 2502 ep.
345 2425 372 2484 7.
386 2423 437 2484 24.
461 2419 652 2498 saepissime
676 2418 792 2484 deinde
815 2419 903 2502 apud
925 2439 1035 2484 rerum
1059 2420 1355 2486 ecclesiasticarum

180 2527 375 2609 scriptores..

286 2629 482 2704 Sabrcfcctus
506 2622 610 2714 (ἅπαξ
641 2627 838 2716 λεγόμενον)
870 2633 1086 2715 Participinm
1118 2636 1159 2698 ab
1196 2635 1367 2700 inusitato·
1413 2656 1417 2661 ’

178 2739 358 2824 sulreficcra
407 2743 460 2803 est
509 2739 714 2819 aliquantum
763 2738 916 2806 refectus.
956 2745 1104 2824 2.123,2
1151 2740 1367 2807 subrefectus-

178 2847 284 2930 primo
308 2845 475 2927 adspectu.

287 2952 510 3033 Comparativi
542 2957 575 3018 et
603 2953 813 3036 Superlativi,
839 2953 894 3034 qui
918 2954 1004 3036 apud
1029 2954 1190 3020 Velleium
1215 2955 1357 3036 primum

176 3059 392 3126 inveniuntur
415 3064 509 3123 sunt:

177 3163 422 3232 convenientior
451 3170 479 3230 1.
501 3170 585 3250 13‚5.
599 3165 793 3248 flagrantior
817 3171 942 3250 2.48,3.
966 3167 1164 3233 moderatior
1200 3173 1356 3251 2.126,3.

177 3273 321 3356 pressius
351 3275 502 3355 2.129,3.
532 3273 664 3355 pronior
687 3279 717 3338 2.
731 3278 816 3356 69,6.
829 3273 1059 3340 affectissimus
1085 3280 1114 3338 2.
1128 3280 1214 3358 84,2.
1233 3277 1366 3341 caeles·-

175 3379 323 3446 tissimus
348 3386 376 3445 2.
400 3385 484 3462 66,3.
509 3385 538 3445 2.
556 3382 663 3462 104,3.
680 3381 1009 3448 convenientissimus
1035 3385 1139 3454 1.6,3.
1165 3382 1368 3448 cruentissi-

174 3505 247 3552 mus
278 3491 394 3570 2.52,3.
418 3485 689 3553 distractissimus
720 3492 875 3569 2.114,1.
903 3487 1180 3554 eminentissimus
1206 3493 1235 3556 1.
1271 3492 1345 3571 12,3

176 3599 299 3675 arua
313 3595 435 3674 arar.
449 3598 477 3656 a
488 3597 574 3675 raa.
598 3595 626 3657 2.
641 3596 725 3675 rna.
750 3596 870 3676 arae.
895 3595 1016 3670 arsa
1041 3597 1184 3677 arona.
1202 3597 1346 3677 arria.

175 3699 456 3766 excelentissimus
481 3702 509 3764 2.
522 3704 607 3782 41,1.
633 3700 872 3767 excelsissimus
889 3707 918 3765 2.
932 3706 1016 3782 96,3.
1041 3703 1070 3764 2.
1087 3703 1171 3784 22,1.
1196 3704 1348 3784 2.101,1.

174 3810 330 3888 2.114,4.
352 3803 613 3889 fulgentissimus
626 3812 655 3870 2.
674 3811 757 3888 71,1.
782 3812 811 3872 2.
825 3811 900 3888 64,3
912 3807 1186 3872 honoratissimus
1211 3811 1239 3874 2.
1265 3812 1350 3892 76,1.

172 3911 476 3994 impatientissimus
489 3918 519 3978 2.
535 3919 618 3996 231.
631 3913 855 3979 mixtissimus.
869 3919 990 3998 2.89,3.
1003 3913 1187 3980 serissimus
1204 3921 1233 3980 2.
1248 3917 1370 3999 131,2..

175 4019 476 4087 verecundissimus
501 4023 530 4085 2.
545 4025 630 4103 33,3.

280 4126 501 4207 Comparativi
533 4131 566 4192 et
601 4126 801 4208 superlativi
833 4125 885 4194 vis
916 4131 1057 4211 augetur
1080 4127 1170 4209 apud
1192 4127 1371 4194 Velleium..

171 4233 328 4300 adverbio
365 4233 460 4317 lonae,
496 4232 531 4297 id
560 4233 647 4313 quod
674 4232 751 4299 inde
780 4253 800 4298 a
831 4232 926 4301 Livio
955 4235 1113 4300 usitatius
1143 4253 1215 4301 esse
1239 4233 1371 4318 coepit·-
