3128 4846
720 300 899 362 ...25-

208 495 266 560 tio.
279 496 416 560 obsceno
428 511 526 559 sensu
543 493 604 558 boc
615 494 715 560 verbo
728 511 807 558 usus
820 471 1298 562 estuctusscholiastadPers.
1314 497 1398 560 118.

318 597 490 664 Praedate'e
517 605 610 670 actus
642 601 829 680 praedandi.
862 603 892 666 2.
917 607 991 686 73,3
1036 602 1217 668 latrociniis
1245 621 1283 668 ac
1306 618 1398 682 prae·

209 709 398 774 dationibus
422 705 713 773 infestatummarc.
738 705 778 773 cf.
803 708 877 776 Tac.
901 708 963 774 An.
996 712 1102 792 12,29.

319 815 533 882 Substantias
555 815 708 880 exeuntia
730 815 765 880 in
787 833 825 878 as
848 814 1025 897 syllabam:

320 921 515 986 Adhortatus
550 924 580 986 2.
595 927 637 986 89
645 925 676 1004 ,4
716 921 893 988 adhortatu
930 922 1096 1003 principis.
1132 921 1258 1008 (Cicero
1299 922 1394 988 dicit:

207 1013 361 1118 hortata)
384 1029 632 1110 praeterlocum
655 1028 860 1094 Velleianum
884 1030 983 1094 semel
1006 1029 1304 1096 tantummodohoc
1325 1047 1397 1096 ver·

211 1140 289 1204 bmn
316 1137 491 1204 invenitur.
523 1133 633 1219 (Apul.
668 1135 806 1218 Apolog.
837 1154 938 1216 prope
969 1135 1074 1202 linem:
1107 1155 1176 1202 rem
1203 1135 1397 1202 familiarem

210 1265 282 1311 meo
307 1245 486 1310 adhortatu
508 1241 590 1308 filiis
614 1241 851 1326 condonasset)
909 1305 922 1314 ,
1170 1329 1172 1334 λ

318 1349 493 1416 Intellectus
533 1354 586 1415 est
613 1350 848 1434 intelligentia,
887 1349 1031 1416 retertur
1059 1349 1102 1414 ad
1140 1329 1395 1433 perceptionem,

210 1477 297 1541 quae
319 1476 417 1524 sensu
440 1457 499 1538 fit;
520 1458 569 1522 ita
593 1458 722 1537 saepius
754 1458 883 1524 Plinius
913 1459 974 1523 hoc
1001 1458 1100 1525 verbo
1128 1475 1207 1522 usus
1231 1462 1290 1522 est.
1313 1458 1396 1524 Vell.
1514 1437 1518 1450 ’

215 1569 243 1631 1.
270 1571 342 1650 13,5
371 1566 477 1648 magis
493 1584 551 1646 pro
574 1566 742 1646 republica
768 1565 841 1650 fuit,
870 1585 1001 1632 manere
1016 1565 1122 1632 adhuc
1144 1565 1259 1630 rudem
1287 1565 1397 1630 Corin·

161 1687 165 1696 ’
212 1673 358 1739 thiorum
381 1674 592 1756 intellectum,
618 1690 715 1754 quam
737 1673 772 1737 in
794 1677 924 1738 tantum
947 1691 987 1738 ea
1008 1672 1168 1754 intellegi.

319 1778 539 1864 Praeparatas
561 1779 648 1846 idem
670 1785 722 1844 est
745 1797 783 1844 ac
803 1779 1010 1860 preparatio.
1035 1781 1064 1844 2.
1079 1781 1153 1863 76,3
1189 1780 1396 1860 praeparatus

206 1890 246 1956 in
268 1889 450 1956 Antonium
473 1886 639 1972 (Halmius
668 1887 761 1968 legit:
789 1885 994 1970 apparatus).
1026 1885 1066 1952 cf.
1099 1886 1181 1952 Gall.
1214 1889 1319 1969 10,11
1359 1887 1394 1953 in

212 2002 402 2079 praeparatu
424 1996 474 2062 rei
496 1994 637 2061 rusticae.

324 2102 538 2168 Transeamus
579 2106 674 2168 actus
717 2099 982 2182 transcurrendi,
1020 2101 1233 2166 transcursio.
1270 2099 1395 2185 (Senes

209 2211 317 2298 Suet.)
347 2211 492 2277 Velleius
530 2210 692 2276 translate
729 2207 824 2274 dicit:
868 2210 897 2272 2.
919 2209 997 2288 55,1
1040 2207 1194 2274 admouet
1228 2208 1395 2288 promissae

211 2320 385 2387 brevitatis
408 2317 503 2399 fides,
529 2321 651 2396 quanto
675 2317 784 2382 omnia
799 2319 991 2381 transcursu
1008 2314 1147 2380 dicenda
1170 2314 1247 2380 sint.
1272 2317 1302 2380 2.
1317 2317 1391 2397 91,1

209 2428 249 2494 in
278 2427 340 2492 hoc
361 2430 555 2492 transcursu
586 2433 655 2489 tam
679 2423 779 2490 artati
810 2422 926 2504 operis
973 2424 1002 2488 2.
1016 2423 1090 2507 99,3
1133 2421 1216 2486 illud
1239 2421 1338 2488 etiam
1359 2423 1395 2487 in

210 2537 274 2602 hoc
297 2540 491 2600 transcursu
515 2531 685 2598 dicendum
709 2535 768 2597 est.

322 2639 573 2708 Substantivnm
588 2639 622 2704 in
638 2631 677 2704 us
701 2638 863 2719 syllabam
884 2635 1034 2702 secundae
1057 2634 1306 2719 declinationis
1322 2653 1394 2716 quae
1490 2663 1492 2667 ·

213 2749 346 2830 dicitur,
370 2753 436 2813 est:

322 2853 451 2937 Capsees,
473 2854 494 2918 a'.
517 2871 635 2920 nomen
666 2852 812 2920 eiusdem
844 2850 981 2932 originis
1015 2868 1054 2914 ac
1086 2867 1205 2930 capsa,
1230 2853 1282 2914 est
1303 2849 1394 2914 locus

209 2961 351 3030 sudibus
374 2960 429 3026 vel
464 2959 529 3024 alia
555 2978 592 3026 re
615 2959 802 3039 conclusae,
835 2957 869 3024 in
902 2975 965 3038 quo
989 2955 1148 3022 animalia
1176 2956 1395 3021 continentur.

213 3067 297 3134 Veli.
324 3069 440 3148 1.16,2
457 3066 726 3148 quemadmodum
749 3065 862 3131 clausa
887 3082 984 3145 capso
1008 3064 1116 3130 aliove
1148 3067 1250 3143 saepto
1275 3063 1397 3128 diversi

212 3173 345 3256 generis
369 3172 524 3239 animalia
535 3173 636 3238 nihilo
649 3173 757 3238 minus
780 3176 935 3253 separata
957 3171 1074 3237 alienis
1087 3170 1123 3235 in
1143 3187 1243 3236 unum
1257 3188 1395 3251 quaeque

212 3298 331 3364 corpus
354 3285 605 3364 congregantur,
628 3279 678 3344 ita
701 3283 761 3346 eto.
784 3277 838 3363 (ef.
861 3279 993 3346 Vitruv.
1017 3296 1135 3360 capsus
1158 3275 1278 3362 redae.)

320 3387 538 3455 Sirbstantiva
561 3386 716 3456 exeuntia
738 3387 773 3451 in
796 3405 832 3450 or
855 3387 1029 3468 syllabam:

320 3492 528 3578 Admiratus,
560 3495 617 3575 qui
640 3494 834 3560 ‘admiratur
867 3494 983 3577 1.13,3
1026 3492 1147 3573 quippo
1179 3489 1287 3572 Scipio
1326 3495 1395 3555 tam

206 3603 347 3686 elegans
377 3605 562 3672 liberalium
590 3594 774 3668 studiorum
804 3600 974 3682 omnisque
1006 3599 1175 3666 doctrinae
1211 3603 1246 3664 et
1280 3601 1397 3662 auctor

211 3715 247 3778 et
269 3711 449 3778 admirator
471 3711 546 3778 luit.
595 3713 661 3778 Pro
685 3709 880 3774 aestimatore
904 3706 1045 3773 sumitur
1076 3725 1096 3770 a
1118 3703 1243 3770 Seneca
1266 3723 1316 3788 ep.
1343 3709 1395 3770 94.

213 3820 264 3884 71.
288 3817 397 3901 Quint.
410 3821 516 3901 2.5,21
544 3819 725 3886 admirator
739 3816 859 3884 nimius
875 3813 1093 3894 antiquitatis
1139 3812 1280 3880 Phaedr.
1308 3795 1388 3878 Ι421

202 3923 395 3992 ¹Simonides
418 3926 596 3993 admirator
618 3923 789 3992 maximus.

318 4028 489 4096 desecatur
505 4034 610 4116 a.45,1
657 4032 693 4098 Ρ.
721 4029 853 4096 Gladius
867 4029 1026 4106 malorum
1045 4027 1288 4113 propositorum
1304 4044 1396 4092 exse-

212 4140 305 4202 cutor
334 4137 523 4204 acerrimus
558 4137 647 4220 apud
668 4138 736 4203 IOt.
768 4141 820 4202 est
848 4135 991 4220 punitor,
1021 4134 1118 4201 ultor.
1151 4133 1263 4200 eodem
1295 4151 1395 4198 sensu

210 4248 322 4310 exstat
362 4244 450 4326 apud
492 4245 585 4334 Suet.⁸
627 4245 723 4326 Vesp.
769 4246 811 4308 14
855 4242 1051 4310 offensarum
1085 4239 1395 4319 inimicitiarumque

209 4351 343 4418 minime
366 4369 490 4416 memor
512 4356 695 4418 executore.
