<?xml version="1.0" encoding="UTF-8"?>
<!DOCTYPE html PUBLIC "-//W3C//DTD XHTML 1.0 Transitional//EN"
    "http://www.w3.org/TR/xhtml1/DTD/xhtml1-transitional.dtd">
<html xmlns="http://www.w3.org/1999/xhtml" xml:lang="en" lang="en">
 <head>
  <title>
</title>
<meta http-equiv="Content-Type" content="text/html;charset=utf-8" />
  <meta name='ocr-system' content='tesseract 3.04.00' />
  <meta name='ocr-capabilities' content='ocr_page ocr_carea ocr_par ocr_line ocrx_word'/>
</head>
<body>
  <div class='ocr_page' id='page_1' title='image "./quaestionesgram00feligoog_0057.png"; bbox 0 0 3128 4846; ppageno 0'>
   <div class='ocr_carea' id='block_1_1' title="bbox 683 276 860 336">
    <p class='ocr_par' dir='ltr' id='par_1_1' title="bbox 683 276 860 336">
     <span class='ocr_line' id='line_1_1' title="bbox 683 276 860 336; baseline 0.017 -18"><span class='ocrx_word' id='word_1_1' title='bbox 683 276 860 336; x_wconf 72' lang='lat'>...50-</span> 
     </span>
    </p>
   </div>
   <div class='ocr_carea' id='block_1_2' title="bbox 181 466 1367 979">
    <p class='ocr_par' dir='ltr' id='par_1_2' title="bbox 181 466 1367 762">
     <span class='ocr_line' id='line_1_2' title="bbox 181 466 1367 549; baseline 0 -17"><span class='ocrx_word' id='word_1_2' title='bbox 181 466 358 532; x_wconf 89' lang='lat' dir='ltr'><strong>invenitur.</strong></span> <span class='ocrx_word' id='word_1_3' title='bbox 390 467 474 533; x_wconf 90' lang='lat' dir='ltr'><strong>Vell.</strong></span> <span class='ocrx_word' id='word_1_4' title='bbox 507 469 611 549; x_wconf 85' lang='grc'><strong>2.65,1</strong></span> <span class='ocrx_word' id='word_1_5' title='bbox 653 485 725 531; x_wconf 86' lang='lat' dir='ltr'><strong>cum</strong></span> <span class='ocrx_word' id='word_1_6' title='bbox 749 467 912 533; x_wconf 85' lang='lat' dir='ltr'><strong>Antonius</strong></span> <span class='ocrx_word' id='word_1_7' title='bbox 944 467 1083 532; x_wconf 79' lang='lat' dir='ltr'><strong>subinde</strong></span> <span class='ocrx_word' id='word_1_8' title='bbox 1105 468 1276 534; x_wconf 80' lang='lat' dir='ltr'><strong>Caesarem</strong></span> <span class='ocrx_word' id='word_1_9' title='bbox 1300 467 1367 532; x_wconf 84' lang='lat' dir='ltr'><strong>ad·-</strong></span> 
     </span>
     <span class='ocr_line' id='line_1_3' title="bbox 181 573 1366 656; baseline -0.001 -18"><span class='ocrx_word' id='word_1_10' title='bbox 181 579 335 640; x_wconf 89' lang='lat' dir='ltr'><strong>moneret.</strong></span> <span class='ocrx_word' id='word_1_11' title='bbox 375 580 403 639; x_wconf 94' lang='grc'><strong>2.</strong></span> <span class='ocrx_word' id='word_1_12' title='bbox 423 580 499 656; x_wconf 85' lang='grc'><strong>96,2</strong></span> <span class='ocrx_word' id='word_1_13' title='bbox 540 573 678 640; x_wconf 85' lang='lat' dir='ltr'>subinde</span> <span class='ocrx_word' id='word_1_14' title='bbox 706 573 825 639; x_wconf 89' lang='lat' dir='ltr'><strong>bellum</strong></span> <span class='ocrx_word' id='word_1_15' title='bbox 853 573 1076 640; x_wconf 83' lang='lat' dir='ltr'><strong>Pannonicum</strong></span> <span class='ocrx_word' id='word_1_16' title='bbox 1105 593 1162 654; x_wconf 87' lang='lat' dir='ltr'><strong>per</strong></span> <span class='ocrx_word' id='word_1_17' title='bbox 1192 574 1366 640; x_wconf 62' lang='lat' dir='ltr'><strong>Neronem„</strong></span> 
     </span>
     <span class='ocr_line' id='line_1_4' title="bbox 181 686 394 762; baseline 0.005 -16"><span class='ocrx_word' id='word_1_18' title='bbox 181 686 309 762; x_wconf 80' lang='lat' dir='ltr'><strong>gestum</strong></span> <span class='ocrx_word' id='word_1_19' title='bbox 334 689 394 747; x_wconf 89' lang='lat' dir='ltr'><strong>est.</strong></span> 
     </span>
    </p>

    <p class='ocr_par' dir='ltr' id='par_1_3' title="bbox 181 785 1367 979">
     <span class='ocr_line' id='line_1_5' title="bbox 288 785 1367 871; baseline 0.004 -21"><span class='ocrx_word' id='word_1_20' title='bbox 288 785 328 850; x_wconf 84' lang='lat' dir='ltr'><strong>In</strong></span> <span class='ocrx_word' id='word_1_21' title='bbox 366 794 484 853; x_wconf 76' lang='lat' dir='ltr'><strong>tontum</strong></span> <span class='ocrx_word' id='word_1_22' title='bbox 506 793 541 850; x_wconf 76' lang='lat' dir='ltr'><strong>ut</strong></span> <span class='ocrx_word' id='word_1_23' title='bbox 571 786 623 868; x_wconf 89' lang='lat' dir='ltr'><strong>(cf.</strong></span> <span class='ocrx_word' id='word_1_24' title='bbox 650 788 685 852; x_wconf 90' lang='lat' dir='ltr'><strong>in</strong></span> <span class='ocrx_word' id='word_1_25' title='bbox 712 787 919 853; x_wconf 79' lang='lat' dir='ltr'><strong>tantum-in</strong></span> <span class='ocrx_word' id='word_1_26' title='bbox 950 785 1123 871; x_wconf 83' lang='lat' dir='ltr'><strong>quantum)</strong></span> <span class='ocrx_word' id='word_1_27' title='bbox 1153 795 1205 854; x_wconf 85' lang='lat' dir='ltr'><strong>est</strong></span> <span class='ocrx_word' id='word_1_28' title='bbox 1234 787 1367 854; x_wconf 78' lang='lat' dir='ltr'><strong>locutio</strong></span> 
     </span>
     <span class='ocr_line' id='line_1_6' title="bbox 181 893 1332 979; baseline 0.001 -19"><span class='ocrx_word' id='word_1_29' title='bbox 181 895 296 961; x_wconf 90' lang='lat' dir='ltr'><strong>Velleii</strong></span> <span class='ocrx_word' id='word_1_30' title='bbox 332 895 463 976; x_wconf 86' lang='lat' dir='ltr'><strong>propria</strong></span> <span class='ocrx_word' id='word_1_31' title='bbox 498 913 556 975; x_wconf 92' lang='lat' dir='ltr'><strong>pro</strong></span> <span class='ocrx_word' id='word_1_32' title='bbox 591 893 666 957; x_wconf 81' lang='lat' dir='ltr'><strong>odeo</strong></span> <span class='ocrx_word' id='word_1_33' title='bbox 689 900 723 958; x_wconf 80' lang='lat' dir='ltr'><strong>oc</strong></span> <span class='ocrx_word' id='word_1_34' title='bbox 746 901 775 960; x_wconf 94' lang='grc'><strong>2.</strong></span> <span class='ocrx_word' id='word_1_35' title='bbox 789 899 873 978; x_wconf 86' lang='grc'><strong>30,6.</strong></span> <span class='ocrx_word' id='word_1_36' title='bbox 898 898 926 960; x_wconf 90' lang='grc'><strong>2.</strong></span> <span class='ocrx_word' id='word_1_37' title='bbox 940 898 1025 979; x_wconf 84' lang='lat'><strong>55‚3.</strong></span> <span class='ocrx_word' id='word_1_38' title='bbox 1050 900 1078 960; x_wconf 92' lang='grc'><strong>2.</strong></span> <span class='ocrx_word' id='word_1_39' title='bbox 1094 900 1176 978; x_wconf 84' lang='grc'><strong>79,6.</strong></span> <span class='ocrx_word' id='word_1_40' title='bbox 1201 901 1230 960; x_wconf 91' lang='grc'><strong>2.</strong></span> <span class='ocrx_word' id='word_1_41' title='bbox 1248 897 1332 978; x_wconf 86' lang='grc'><strong>91,3.</strong></span> 
     </span>
    </p>
   </div>
   <div class='ocr_carea' id='block_1_3' title="bbox 457 1214 1081 1297">
    <p class='ocr_par' dir='ltr' id='par_1_4' title="bbox 457 1214 1081 1297">
     <span class='ocr_line' id='line_1_7' title="bbox 457 1214 1081 1297; baseline 0.002 -17"><span class='ocrx_word' id='word_1_42' title='bbox 457 1214 645 1282; x_wconf 87' lang='lat' dir='ltr'><strong>Particulae</strong></span> <span class='ocrx_word' id='word_1_43' title='bbox 670 1215 758 1281; x_wconf 87' lang='lat' dir='ltr'><strong>inter</strong></span> <span class='ocrx_word' id='word_1_44' title='bbox 781 1234 815 1281; x_wconf 89' lang='lat' dir='ltr'><strong>se</strong></span> <span class='ocrx_word' id='word_1_45' title='bbox 839 1215 1081 1297; x_wconf 73' lang='lat' dir='ltr'><strong>respondentes,</strong></span> 
     </span>
    </p>
   </div>
   <div class='ocr_carea' id='block_1_4' title="bbox 153 1355 1371 4323">
    <p class='ocr_par' dir='ltr' id='par_1_5' title="bbox 181 1355 1366 1551">
     <span class='ocr_line' id='line_1_8' title="bbox 287 1355 1366 1444; baseline 0 -24"><span class='ocrx_word' id='word_1_46' title='bbox 287 1355 457 1420; x_wconf 78' lang='lat' dir='ltr'><strong>Hic—illio</strong></span> <span class='ocrx_word' id='word_1_47' title='bbox 473 1360 502 1423; x_wconf 89' lang='grc'><strong>2.</strong></span> <span class='ocrx_word' id='word_1_48' title='bbox 514 1360 590 1439; x_wconf 70' lang='grc'><strong>492</strong></span> <span class='ocrx_word' id='word_1_49' title='bbox 607 1358 658 1422; x_wconf 89' lang='lat' dir='ltr'><strong>hic</strong></span> <span class='ocrx_word' id='word_1_50' title='bbox 674 1357 782 1422; x_wconf 87' lang='lat' dir='ltr'><strong>omnia</strong></span> <span class='ocrx_word' id='word_1_51' title='bbox 806 1358 952 1438; x_wconf 90' lang='lat' dir='ltr'><strong>speciosa</strong></span> <span class='ocrx_word' id='word_1_52' title='bbox 973 1357 1042 1424; x_wconf 91' lang='lat' dir='ltr'><strong>illic</strong></span> <span class='ocrx_word' id='word_1_53' title='bbox 1065 1359 1220 1424; x_wconf 79' lang='lat' dir='ltr'><strong>valentia.</strong></span> <span class='ocrx_word' id='word_1_54' title='bbox 1244 1357 1366 1444; x_wconf 83' lang='lat' dir='ltr'><strong>(Verg..</strong></span> 
     </span>
     <span class='ocr_line' id='line_1_9' title="bbox 181 1462 852 1551; baseline 0.003 -22"><span class='ocrx_word' id='word_1_55' title='bbox 181 1462 307 1549; x_wconf 80' lang='lat' dir='ltr'><strong>Quint)</strong></span> <span class='ocrx_word' id='word_1_56' title='bbox 847 1543 852 1551; x_wconf 43' lang='grc'><em>,</em></span> 
     </span>
    </p>

    <p class='ocr_par' dir='ltr' id='par_1_6' title="bbox 180 1567 1037 1760">
     <span class='ocr_line' id='line_1_10' title="bbox 288 1567 1037 1654; baseline 0.005 -21"><span class='ocrx_word' id='word_1_57' title='bbox 288 1567 505 1635; x_wconf 65' lang='lat' dir='ltr'><strong>Hine-illino</strong></span> <span class='ocrx_word' id='word_1_58' title='bbox 534 1574 565 1636; x_wconf 86' lang='grc'><strong>2.</strong></span> <span class='ocrx_word' id='word_1_59' title='bbox 579 1575 652 1654; x_wconf 84' lang='grc'><strong>84,1</strong></span> <span class='ocrx_word' id='word_1_60' title='bbox 683 1571 761 1636; x_wconf 91' lang='lat' dir='ltr'><strong>hinc</strong></span> <span class='ocrx_word' id='word_1_61' title='bbox 790 1572 931 1649; x_wconf 69' lang='lat' dir='ltr'><strong>remiges</strong></span> <span class='ocrx_word' id='word_1_62' title='bbox 961 1571 1037 1637; x_wconf 85' lang='lat' dir='ltr'><strong>firm</strong></span> 
     </span>
     <span class='ocr_line' id='line_1_11' title="bbox 180 1675 778 1760; baseline -0.002 -18"><span class='ocrx_word' id='word_1_63' title='bbox 180 1678 235 1757; x_wconf 90' lang='lat' dir='ltr'><strong>pia</strong></span> <span class='ocrx_word' id='word_1_64' title='bbox 257 1677 479 1742; x_wconf 87' lang='lat' dir='ltr'><strong>adfectissimi.</strong></span> <span class='ocrx_word' id='word_1_65' title='bbox 503 1675 594 1760; x_wconf 85' lang='lat' dir='ltr'><strong>(inde</strong></span> <span class='ocrx_word' id='word_1_66' title='bbox 616 1696 637 1742; x_wconf 92' lang='lat' dir='ltr'><strong>a</strong></span> <span class='ocrx_word' id='word_1_67' title='bbox 658 1675 778 1760; x_wconf 87' lang='lat' dir='ltr'><strong>Livio.)</strong></span> 
     </span>
    </p>

    <p class='ocr_par' dir='ltr' id='par_1_7' title="bbox 178 1781 1357 2171">
     <span class='ocr_line' id='line_1_12' title="bbox 287 1781 1357 1868; baseline 0.005 -22"><span class='ocrx_word' id='word_1_68' title='bbox 287 1781 482 1867; x_wconf 70' lang='lat' dir='ltr'><strong>dam-jum.</strong></span> <span class='ocrx_word' id='word_1_69' title='bbox 511 1801 574 1848; x_wconf 91' lang='lat' dir='ltr'><strong>non</strong></span> <span class='ocrx_word' id='word_1_70' title='bbox 602 1783 651 1848; x_wconf 84' lang='lat' dir='ltr'><strong>ita</strong></span> <span class='ocrx_word' id='word_1_71' title='bbox 674 1801 772 1863; x_wconf 84' lang='lat' dir='ltr'><strong>saepe</strong></span> <span class='ocrx_word' id='word_1_72' title='bbox 794 1790 986 1865; x_wconf 89' lang='lat' dir='ltr'><strong>usurpatum</strong></span> <span class='ocrx_word' id='word_1_73' title='bbox 1010 1789 1071 1868; x_wconf 89' lang='lat' dir='ltr'><strong>est,</strong></span> <span class='ocrx_word' id='word_1_74' title='bbox 1095 1801 1257 1865; x_wconf 82' lang='lat' dir='ltr'><strong>nusquam</strong></span> <span class='ocrx_word' id='word_1_75' title='bbox 1280 1795 1357 1852; x_wconf 88' lang='lat' dir='ltr'><strong>ante</strong></span> 
     </span>
     <span class='ocr_line' id='line_1_13' title="bbox 180 1890 1356 1980; baseline 0 -22"><span class='ocrx_word' id='word_1_76' title='bbox 180 1893 372 1974; x_wconf 84' lang='lat' dir='ltr'><strong>Vergilium.</strong></span> <span class='ocrx_word' id='word_1_77' title='bbox 394 1892 479 1957; x_wconf 89' lang='lat' dir='ltr'><strong>Vell.</strong></span> <span class='ocrx_word' id='word_1_78' title='bbox 503 1894 642 1972; x_wconf 83' lang='grc'><strong>2.114,2</strong></span> <span class='ocrx_word' id='word_1_79' title='bbox 666 1892 732 1956; x_wconf 91' lang='lat' dir='ltr'><strong>iam</strong></span> <span class='ocrx_word' id='word_1_80' title='bbox 753 1890 879 1974; x_wconf 91' lang='lat' dir='ltr'><strong>medici,</strong></span> <span class='ocrx_word' id='word_1_81' title='bbox 904 1892 968 1956; x_wconf 89' lang='lat' dir='ltr'><strong>iam</strong></span> <span class='ocrx_word' id='word_1_82' title='bbox 993 1897 1172 1973; x_wconf 84' lang='lat' dir='ltr'><strong>apparatus</strong></span> <span class='ocrx_word' id='word_1_83' title='bbox 1195 1893 1267 1980; x_wconf 83' lang='lat' dir='ltr'><strong>cibi,</strong></span> <span class='ocrx_word' id='word_1_84' title='bbox 1291 1893 1356 1958; x_wconf 91' lang='lat' dir='ltr'><strong>iam</strong></span> 
     </span>
     <span class='ocr_line' id='line_1_14' title="bbox 178 1999 1357 2079; baseline 0.002 -15"><span class='ocrx_word' id='word_1_85' title='bbox 178 2011 211 2075; x_wconf 79' lang='lat' dir='ltr'><strong>iu</strong></span> <span class='ocrx_word' id='word_1_86' title='bbox 233 2000 294 2064; x_wconf 88' lang='lat' dir='ltr'><strong>hoc</strong></span> <span class='ocrx_word' id='word_1_87' title='bbox 318 2000 422 2064; x_wconf 92' lang='lat' dir='ltr'><strong>solum</strong></span> <span class='ocrx_word' id='word_1_88' title='bbox 446 2017 511 2063; x_wconf 89' lang='lat' dir='ltr'><strong>una</strong></span> <span class='ocrx_word' id='word_1_89' title='bbox 535 2003 700 2079; x_wconf 86' lang='lat' dir='ltr'><strong>portatum</strong></span> <span class='ocrx_word' id='word_1_90' title='bbox 724 1999 976 2064; x_wconf 76' lang='lat' dir='ltr'><strong>instrumentum</strong></span> <span class='ocrx_word' id='word_1_91' title='bbox 999 1999 1121 2065; x_wconf 87' lang='lat' dir='ltr'><strong>balinei</strong></span> <span class='ocrx_word' id='word_1_92' title='bbox 1145 2001 1268 2066; x_wconf 89' lang='lat' dir='ltr'><strong>nullius</strong></span> <span class='ocrx_word' id='word_1_93' title='bbox 1291 2019 1357 2066; x_wconf 90' lang='lat' dir='ltr'><strong>non</strong></span> 
     </span>
     <span class='ocr_line' id='line_1_15' title="bbox 178 2105 555 2171; baseline -0.005 0"><span class='ocrx_word' id='word_1_94' title='bbox 178 2106 342 2171; x_wconf 88' lang='lat' dir='ltr'><strong>succurrit</strong></span> <span class='ocrx_word' id='word_1_95' title='bbox 363 2105 555 2171; x_wconf 87' lang='lat' dir='ltr'><strong>valetudini.</strong></span> 
     </span>
    </p>

    <p class='ocr_par' dir='ltr' id='par_1_8' title="bbox 177 2208 1370 2506">
     <span class='ocr_line' id='line_1_16' title="bbox 285 2208 1370 2293; baseline 0.002 -19"><span class='ocrx_word' id='word_1_96' title='bbox 285 2208 648 2274; x_wconf 78' lang='lat' dir='ltr'><strong>Interdum-interdum</strong></span> <span class='ocrx_word' id='word_1_97' title='bbox 671 2210 818 2276; x_wconf 88' lang='lat' dir='ltr'><strong>Velleius</strong></span> <span class='ocrx_word' id='word_1_98' title='bbox 847 2211 935 2276; x_wconf 90' lang='lat' dir='ltr'><strong>solus</strong></span> <span class='ocrx_word' id='word_1_99' title='bbox 964 2212 1095 2277; x_wconf 86' lang='lat' dir='ltr'><strong>ridetur</strong></span> <span class='ocrx_word' id='word_1_100' title='bbox 1123 2212 1370 2293; x_wconf 73' lang='lat' dir='ltr'><strong>scripsisset..</strong></span> 
     </span>
     <span class='ocr_line' id='line_1_17' title="bbox 181 2317 1357 2402; baseline 0.003 -19"><span class='ocrx_word' id='word_1_101' title='bbox 181 2324 276 2401; x_wconf 88' lang='grc'><strong>109,2</strong></span> <span class='ocrx_word' id='word_1_102' title='bbox 293 2317 458 2382; x_wconf 89' lang='lat' dir='ltr'><strong>interdurn</strong></span> <span class='ocrx_word' id='word_1_103' title='bbox 482 2323 520 2382; x_wconf 93' lang='lat' dir='ltr'><strong>ut</strong></span> <span class='ocrx_word' id='word_1_104' title='bbox 544 2318 722 2399; x_wconf 81' lang='lat' dir='ltr'><strong>supplicem</strong></span> <span class='ocrx_word' id='word_1_105' title='bbox 746 2317 1026 2401; x_wconf 81' lang='lat' dir='ltr'><strong>commendabant,</strong></span> <span class='ocrx_word' id='word_1_106' title='bbox 1051 2318 1214 2384; x_wconf 84' lang='lat' dir='ltr'><strong>interdum</strong></span> <span class='ocrx_word' id='word_1_107' title='bbox 1239 2324 1276 2385; x_wconf 88' lang='lat' dir='ltr'><strong>nt</strong></span> <span class='ocrx_word' id='word_1_108' title='bbox 1298 2341 1357 2402; x_wconf 94' lang='lat' dir='ltr'><strong>pro</strong></span> 
     </span>
     <span class='ocr_line' id='line_1_18' title="bbox 177 2426 588 2506; baseline 0.005 -16"><span class='ocrx_word' id='word_1_109' title='bbox 177 2426 251 2506; x_wconf 85' lang='lat' dir='ltr'><strong>peri</strong></span> <span class='ocrx_word' id='word_1_110' title='bbox 276 2426 501 2505; x_wconf 77' lang='lat' dir='ltr'><strong>loquebantur.</strong></span> <span class='ocrx_word' id='word_1_111' title='bbox 586 2487 588 2492; x_wconf 89' lang='lat'><em>.</em></span> 
     </span>
    </p>

    <p class='ocr_par' dir='ltr' id='par_1_9' title="bbox 177 2527 1359 2724">
     <span class='ocr_line' id='line_1_19' title="bbox 285 2527 1359 2614; baseline 0.006 -20"><span class='ocrx_word' id='word_1_112' title='bbox 285 2527 503 2595; x_wconf 78' lang='lat' dir='ltr'><strong>Nunc-noae</strong></span> <span class='ocrx_word' id='word_1_113' title='bbox 523 2531 610 2611; x_wconf 90' lang='lat' dir='ltr'><strong>apud</strong></span> <span class='ocrx_word' id='word_1_114' title='bbox 632 2532 820 2597; x_wconf 86' lang='lat' dir='ltr'><strong>Lucretium</strong></span> <span class='ocrx_word' id='word_1_115' title='bbox 844 2551 908 2597; x_wconf 89' lang='lat' dir='ltr'><strong>uno</strong></span> <span class='ocrx_word' id='word_1_116' title='bbox 932 2532 1001 2597; x_wconf 90' lang='lat' dir='ltr'><strong>loco</strong></span> <span class='ocrx_word' id='word_1_117' title='bbox 1025 2538 1142 2614; x_wconf 85' lang='lat' dir='ltr'><strong>exstat,</strong></span> <span class='ocrx_word' id='word_1_118' title='bbox 1167 2539 1283 2614; x_wconf 88' lang='lat' dir='ltr'><strong>postea</strong></span> <span class='ocrx_word' id='word_1_119' title='bbox 1307 2534 1359 2600; x_wconf 90' lang='lat' dir='ltr'><strong>in·</strong></span> 
     </span>
     <span class='ocr_line' id='line_1_20' title="bbox 177 2637 1290 2724; baseline 0.003 -21"><span class='ocrx_word' id='word_1_120' title='bbox 177 2639 217 2703; x_wconf 90' lang='lat' dir='ltr'><strong>de</strong></span> <span class='ocrx_word' id='word_1_121' title='bbox 242 2657 263 2703; x_wconf 86' lang='lat' dir='ltr'><strong>a</strong></span> <span class='ocrx_word' id='word_1_122' title='bbox 284 2637 380 2702; x_wconf 87' lang='lat' dir='ltr'><strong>Livio</strong></span> <span class='ocrx_word' id='word_1_123' title='bbox 404 2637 437 2702; x_wconf 89' lang='lat' dir='ltr'><strong>in</strong></span> <span class='ocrx_word' id='word_1_124' title='bbox 461 2655 523 2701; x_wconf 91' lang='lat' dir='ltr'><strong>usu</strong></span> <span class='ocrx_word' id='word_1_125' title='bbox 547 2641 606 2702; x_wconf 90' lang='lat' dir='ltr'><strong>est.</strong></span> <span class='ocrx_word' id='word_1_126' title='bbox 629 2639 711 2704; x_wconf 89' lang='lat' dir='ltr'><strong>Vell.</strong></span> <span class='ocrx_word' id='word_1_127' title='bbox 734 2641 855 2718; x_wconf 82' lang='lat'><strong>1.17,6.</strong></span> <span class='ocrx_word' id='word_1_128' title='bbox 880 2640 988 2720; x_wconf 86' lang='grc'><strong>2,2,1.</strong></span> <span class='ocrx_word' id='word_1_129' title='bbox 1012 2645 1040 2703; x_wconf 91' lang='grc'><strong>2.</strong></span> <span class='ocrx_word' id='word_1_130' title='bbox 1055 2644 1139 2722; x_wconf 87' lang='grc'><strong>79,1.</strong></span> <span class='ocrx_word' id='word_1_131' title='bbox 1163 2646 1192 2706; x_wconf 92' lang='grc'><strong>2.</strong></span> <span class='ocrx_word' id='word_1_132' title='bbox 1205 2646 1290 2724; x_wconf 73' lang='grc'><strong>982.</strong></span> 
     </span>
    </p>

    <p class='ocr_par' dir='ltr' id='par_1_10' title="bbox 176 2741 1371 3043">
     <span class='ocr_line' id='line_1_21' title="bbox 285 2741 1371 2828; baseline 0.008 -23"><span class='ocrx_word' id='word_1_133' title='bbox 285 2741 420 2821; x_wconf 78' lang='lat' dir='ltr'><strong>Quo-et</strong></span> <span class='ocrx_word' id='word_1_134' title='bbox 440 2741 578 2826; x_wconf 88' lang='lat' dir='ltr'><strong>(sowohl</strong></span> <span class='ocrx_word' id='word_1_135' title='bbox 595 2745 644 2808; x_wconf 88' lang='lat' dir='ltr'><strong>als</strong></span> <span class='ocrx_word' id='word_1_136' title='bbox 668 2742 766 2828; x_wconf 80' lang='lat' dir='ltr'><strong>auch)</strong></span> <span class='ocrx_word' id='word_1_137' title='bbox 789 2763 853 2809; x_wconf 91' lang='lat' dir='ltr'><strong>non</strong></span> <span class='ocrx_word' id='word_1_138' title='bbox 877 2749 988 2810; x_wconf 85' lang='lat' dir='ltr'><strong>exstat</strong></span> <span class='ocrx_word' id='word_1_139' title='bbox 1010 2745 1097 2826; x_wconf 87' lang='lat' dir='ltr'><strong>apud</strong></span> <span class='ocrx_word' id='word_1_140' title='bbox 1121 2747 1184 2813; x_wconf 78' lang='lat' dir='ltr'><strong>Cic.</strong></span> <span class='ocrx_word' id='word_1_141' title='bbox 1208 2753 1242 2813; x_wconf 90' lang='lat' dir='ltr'><strong>et</strong></span> <span class='ocrx_word' id='word_1_142' title='bbox 1266 2748 1371 2814; x_wconf 82' lang='lat' dir='ltr'><strong>Caes..</strong></span> 
     </span>
     <span class='ocr_line' id='line_1_22' title="bbox 176 2850 1356 2936; baseline 0.003 -20"><span class='ocrx_word' id='word_1_143' title='bbox 176 2850 305 2932; x_wconf 86' lang='lat' dir='ltr'><strong>sacpius</strong></span> <span class='ocrx_word' id='word_1_144' title='bbox 333 2851 384 2916; x_wconf 88' lang='lat' dir='ltr'><strong>his</strong></span> <span class='ocrx_word' id='word_1_145' title='bbox 408 2851 579 2931; x_wconf 80' lang='lat' dir='ltr'><strong>particulis</strong></span> <span class='ocrx_word' id='word_1_146' title='bbox 605 2856 656 2916; x_wconf 85' lang='lat' dir='ltr'><strong>est</strong></span> <span class='ocrx_word' id='word_1_147' title='bbox 679 2869 757 2916; x_wconf 91' lang='lat' dir='ltr'><strong>usus</strong></span> <span class='ocrx_word' id='word_1_148' title='bbox 781 2852 937 2918; x_wconf 88' lang='lat' dir='ltr'><strong>Velleius.</strong></span> <span class='ocrx_word' id='word_1_149' title='bbox 962 2859 992 2918; x_wconf 94' lang='grc'><strong>2.</strong></span> <span class='ocrx_word' id='word_1_150' title='bbox 1006 2858 1056 2935; x_wconf 84' lang='grc'><strong>3,1</strong></span> <span class='ocrx_word' id='word_1_151' title='bbox 1082 2854 1297 2936; x_wconf 89' lang='lat' dir='ltr'><strong>privatusque</strong></span> <span class='ocrx_word' id='word_1_152' title='bbox 1322 2861 1356 2921; x_wconf 87' lang='lat' dir='ltr'><strong>et</strong></span> 
     </span>
     <span class='ocr_line' id='line_1_23' title="bbox 176 2961 1072 3043; baseline 0.003 -21"><span class='ocrx_word' id='word_1_153' title='bbox 176 2962 309 3040; x_wconf 83' lang='lat' dir='ltr'><strong>togatus</strong></span> <span class='ocrx_word' id='word_1_154' title='bbox 335 2963 362 3022; x_wconf 90' lang='lat'><strong>1.</strong></span> <span class='ocrx_word' id='word_1_155' title='bbox 377 2963 438 3040; x_wconf 83' lang='grc'><strong>7,2.</strong></span> <span class='ocrx_word' id='word_1_156' title='bbox 464 2963 492 3022; x_wconf 90' lang='grc'><strong>2.</strong></span> <span class='ocrx_word' id='word_1_157' title='bbox 506 2961 592 3040; x_wconf 56' lang='grc'><strong>223.</strong></span> <span class='ocrx_word' id='word_1_158' title='bbox 618 2963 646 3022; x_wconf 91' lang='grc'><strong>2.</strong></span> <span class='ocrx_word' id='word_1_159' title='bbox 661 2963 743 3040; x_wconf 83' lang='grc'><strong>77,1.</strong></span> <span class='ocrx_word' id='word_1_160' title='bbox 768 2963 797 3024; x_wconf 92' lang='grc'><strong>2.</strong></span> <span class='ocrx_word' id='word_1_161' title='bbox 811 2964 896 3043; x_wconf 85' lang='grc'><strong>89,4.</strong></span> <span class='ocrx_word' id='word_1_162' title='bbox 921 2962 1072 3041; x_wconf 80' lang='grc'><strong>2.128,4.</strong></span> 
     </span>
    </p>

    <p class='ocr_par' dir='ltr' id='par_1_11' title="bbox 174 3062 1355 3467">
     <span class='ocr_line' id='line_1_24' title="bbox 285 3062 1354 3148; baseline 0.007 -22"><span class='ocrx_word' id='word_1_163' title='bbox 285 3062 450 3148; x_wconf 80' lang='lat' dir='ltr'><strong>(bre-que</strong></span> <span class='ocrx_word' id='word_1_164' title='bbox 480 3065 601 3148; x_wconf 90' lang='lat' dir='ltr'><strong>(rarior</strong></span> <span class='ocrx_word' id='word_1_165' title='bbox 633 3063 766 3148; x_wconf 85' lang='lat' dir='ltr'><strong>locutio)</strong></span> <span class='ocrx_word' id='word_1_166' title='bbox 797 3070 907 3130; x_wconf 84' lang='lat' dir='ltr'><strong>exstat</strong></span> <span class='ocrx_word' id='word_1_167' title='bbox 938 3072 964 3130; x_wconf 90' lang='lat'><strong>1.</strong></span> <span class='ocrx_word' id='word_1_168' title='bbox 977 3071 1041 3148; x_wconf 82' lang='lat'><strong>4,3.</strong></span> <span class='ocrx_word' id='word_1_169' title='bbox 1064 3067 1166 3132; x_wconf 88' lang='lat' dir='ltr'><strong>Jonas</strong></span> <span class='ocrx_word' id='word_1_170' title='bbox 1190 3069 1354 3148; x_wconf 81' lang='lat' dir='ltr'><strong>urbesque</strong></span> 
     </span>
     <span class='ocr_line' id='line_1_25' title="bbox 174 3171 1354 3255; baseline 0.003 -18"><span class='ocrx_word' id='word_1_171' title='bbox 174 3171 374 3237; x_wconf 87' lang='lat' dir='ltr'><strong>constituere</strong></span> <span class='ocrx_word' id='word_1_172' title='bbox 416 3173 598 3252; x_wconf 85' lang='lat' dir='ltr'><strong>multasque</strong></span> <span class='ocrx_word' id='word_1_173' title='bbox 630 3171 753 3236; x_wconf 89' lang='lat' dir='ltr'><strong>insulas</strong></span> <span class='ocrx_word' id='word_1_174' title='bbox 788 3191 996 3253; x_wconf 86' lang='lat' dir='ltr'><strong>occupavere.</strong></span> <span class='ocrx_word' id='word_1_175' title='bbox 1032 3174 1154 3255; x_wconf 85' lang='grc'><strong>2.16,4</strong></span> <span class='ocrx_word' id='word_1_176' title='bbox 1188 3175 1354 3254; x_wconf 73' lang='lat' dir='ltr'><strong>usquead</strong></span> 
     </span>
     <span class='ocr_line' id='line_1_26' title="bbox 174 3276 1355 3360; baseline 0.004 -17"><span class='ocrx_word' id='word_1_177' title='bbox 174 3296 256 3360; x_wconf 89' lang='lat' dir='ltr'><strong>saga</strong></span> <span class='ocrx_word' id='word_1_178' title='bbox 287 3276 400 3359; x_wconf 91' lang='lat' dir='ltr'><strong>iretur,</strong></span> <span class='ocrx_word' id='word_1_179' title='bbox 429 3278 549 3358; x_wconf 91' lang='lat' dir='ltr'><strong>diuque</strong></span> <span class='ocrx_word' id='word_1_180' title='bbox 571 3277 606 3342; x_wconf 92' lang='lat' dir='ltr'><strong>in</strong></span> <span class='ocrx_word' id='word_1_181' title='bbox 629 3295 666 3342; x_wconf 92' lang='lat' dir='ltr'><strong>eo</strong></span> <span class='ocrx_word' id='word_1_182' title='bbox 690 3277 806 3342; x_wconf 88' lang='lat' dir='ltr'><strong>habitu</strong></span> <span class='ocrx_word' id='word_1_183' title='bbox 830 3284 1025 3344; x_wconf 85' lang='lat' dir='ltr'><strong>muneretur.</strong></span> <span class='ocrx_word' id='word_1_184' title='bbox 1050 3285 1078 3344; x_wconf 89' lang='grc'><strong>2.</strong></span> <span class='ocrx_word' id='word_1_185' title='bbox 1095 3283 1188 3359; x_wconf 82' lang='grc'><strong>1]3,1</strong></span> <span class='ocrx_word' id='word_1_186' title='bbox 1209 3283 1355 3348; x_wconf 69' lang='grc' dir='ltr'><strong>2222νοί-</strong></span> 
     </span>
     <span class='ocr_line' id='line_1_27' title="bbox 174 3382 1293 3467; baseline 0.004 -18"><span class='ocrx_word' id='word_1_187' title='bbox 174 3390 240 3467; x_wconf 88' lang='lat' dir='ltr'><strong>tus‚</strong></span> <span class='ocrx_word' id='word_1_188' title='bbox 266 3384 467 3464; x_wconf 89' lang='lat' dir='ltr'><strong>quique·sub</strong></span> <span class='ocrx_word' id='word_1_189' title='bbox 492 3383 630 3450; x_wconf 85' lang='lat' dir='ltr'><strong>Caesare</strong></span> <span class='ocrx_word' id='word_1_190' title='bbox 653 3382 793 3467; x_wconf 87' lang='lat' dir='ltr'><strong>fuerunt,</strong></span> <span class='ocrx_word' id='word_1_191' title='bbox 819 3385 938 3465; x_wconf 87' lang='lat' dir='ltr'><strong>quique</strong></span> <span class='ocrx_word' id='word_1_192' title='bbox 962 3384 1100 3451; x_wconf 88' lang='lat' dir='ltr'><strong>adeum</strong></span> <span class='ocrx_word' id='word_1_193' title='bbox 1124 3394 1293 3454; x_wconf 85' lang='lat' dir='ltr'><strong>venerant.</strong></span> 
     </span>
    </p>

    <p class='ocr_par' dir='ltr' id='par_1_12' title="bbox 175 3487 1353 3678">
     <span class='ocr_line' id='line_1_28' title="bbox 280 3487 1353 3579; baseline 0.009 -27"><span class='ocrx_word' id='word_1_194' title='bbox 280 3487 321 3552; x_wconf 86' lang='lat' dir='ltr'><strong>In</strong></span> <span class='ocrx_word' id='word_1_195' title='bbox 343 3489 543 3554; x_wconf 78' lang='lat' dir='ltr'><strong>tontum—in</strong></span> <span class='ocrx_word' id='word_1_196' title='bbox 555 3495 705 3573; x_wconf 80' lang='lat' dir='ltr'><strong>quantum</strong></span> <span class='ocrx_word' id='word_1_197' title='bbox 717 3491 861 3557; x_wconf 91' lang='lat' dir='ltr'><strong>Velleius</strong></span> <span class='ocrx_word' id='word_1_198' title='bbox 873 3492 962 3556; x_wconf 87' lang='lat' dir='ltr'><strong>solus</strong></span> <span class='ocrx_word' id='word_1_199' title='bbox 986 3491 1069 3557; x_wconf 86' lang='lat' dir='ltr'><strong>dixit</strong></span> <span class='ocrx_word' id='word_1_200' title='bbox 1095 3499 1198 3576; x_wconf 83' lang='lat'><strong>1.9,3.</strong></span> <span class='ocrx_word' id='word_1_201' title='bbox 1223 3497 1252 3559; x_wconf 88' lang='grc'><strong>2.</strong></span> <span class='ocrx_word' id='word_1_202' title='bbox 1266 3501 1353 3579; x_wconf 83' lang='grc'><strong>43,4.</strong></span> 
     </span>
     <span class='ocr_line' id='line_1_29' title="bbox 175 3602 327 3678; baseline -0.007 -16"><span class='ocrx_word' id='word_1_203' title='bbox 175 3602 327 3678; x_wconf 88' lang='grc'><strong>2.114,5.</strong></span> 
     </span>
    </p>

    <p class='ocr_par' dir='ltr' id='par_1_13' title="bbox 153 3700 1366 4216">
     <span class='ocr_line' id='line_1_30' title="bbox 281 3700 1366 3788; baseline 0.006 -22"><span class='ocrx_word' id='word_1_204' title='bbox 281 3700 354 3767; x_wconf 85' lang='lat' dir='ltr'><strong>Noa</strong></span> <span class='ocrx_word' id='word_1_205' title='bbox 384 3703 606 3768; x_wconf 81' lang='lat' dir='ltr'><strong>tantum-scd</strong></span> <span class='ocrx_word' id='word_1_206' title='bbox 638 3703 744 3788; x_wconf 88' lang='lat' dir='ltr'><strong>(nicht</strong></span> <span class='ocrx_word' id='word_1_207' title='bbox 775 3705 1022 3771; x_wconf 85' lang='lat' dir='ltr'><strong>nur-sondern</strong></span> <span class='ocrx_word' id='word_1_208' title='bbox 1046 3707 1144 3788; x_wconf 89' lang='lat' dir='ltr'><strong>auch)</strong></span> <span class='ocrx_word' id='word_1_209' title='bbox 1170 3707 1253 3772; x_wconf 82' lang='lat' dir='ltr'><strong>dixit</strong></span> <span class='ocrx_word' id='word_1_210' title='bbox 1277 3708 1366 3773; x_wconf 89' lang='lat' dir='ltr'><strong>Vel·-</strong></span> 
     </span>
     <span class='ocr_line' id='line_1_31' title="bbox 153 3809 1349 3896; baseline 0.003 -21"><span class='ocrx_word' id='word_1_211' title='bbox 153 3809 255 3876; x_wconf 56' lang='lat' dir='ltr'><strong>‘leius</strong></span> <span class='ocrx_word' id='word_1_212' title='bbox 273 3815 303 3877; x_wconf 95' lang='grc'><strong>2.</strong></span> <span class='ocrx_word' id='word_1_213' title='bbox 315 3813 400 3895; x_wconf 85' lang='grc'><strong>84,4.</strong></span> <span class='ocrx_word' id='word_1_214' title='bbox 423 3828 485 3876; x_wconf 89' lang='lat' dir='ltr'><strong>nec</strong></span> <span class='ocrx_word' id='word_1_215' title='bbox 507 3815 635 3877; x_wconf 88' lang='lat' dir='ltr'><strong>tantum</strong></span> <span class='ocrx_word' id='word_1_216' title='bbox 659 3812 770 3896; x_wconf 83' lang='lat' dir='ltr'><strong>ineos,</strong></span> <span class='ocrx_word' id='word_1_217' title='bbox 795 3813 850 3892; x_wconf 92' lang='lat' dir='ltr'><strong>qui</strong></span> <span class='ocrx_word' id='word_1_218' title='bbox 875 3818 988 3878; x_wconf 88' lang='lat' dir='ltr'><strong>contra</strong></span> <span class='ocrx_word' id='word_1_219' title='bbox 1011 3831 1103 3877; x_wconf 89' lang='lat' dir='ltr'><strong>arma</strong></span> <span class='ocrx_word' id='word_1_220' title='bbox 1115 3813 1268 3896; x_wconf 80' lang='lat' dir='ltr'><strong>tulerant,</strong></span> <span class='ocrx_word' id='word_1_221' title='bbox 1293 3814 1349 3879; x_wconf 88' lang='lat' dir='ltr'><strong>sed</strong></span> 
     </span>
     <span class='ocr_line' id='line_1_32' title="bbox 171 3916 1355 4004; baseline 0.004 -22"><span class='ocrx_word' id='word_1_222' title='bbox 171 3917 207 3982; x_wconf 93' lang='lat' dir='ltr'><strong>in</strong></span> <span class='ocrx_word' id='word_1_223' title='bbox 224 3916 343 3981; x_wconf 89' lang='lat' dir='ltr'><strong>multos</strong></span> <span class='ocrx_word' id='word_1_224' title='bbox 357 3917 503 3984; x_wconf 87' lang='lat' dir='ltr'><strong>insontes</strong></span> <span class='ocrx_word' id='word_1_225' title='bbox 527 3918 698 3983; x_wconf 90' lang='lat' dir='ltr'><strong>saevitum.</strong></span> <span class='ocrx_word' id='word_1_226' title='bbox 723 3924 864 4004; x_wconf 66' lang='grc'><strong>21024</strong></span> <span class='ocrx_word' id='word_1_227' title='bbox 887 3937 952 3985; x_wconf 90' lang='lat' dir='ltr'><strong>non</strong></span> <span class='ocrx_word' id='word_1_228' title='bbox 976 3923 1103 3984; x_wconf 84' lang='lat' dir='ltr'><strong>tentum</strong></span> <span class='ocrx_word' id='word_1_229' title='bbox 1127 3919 1355 3988; x_wconf 83' lang='lat' dir='ltr'><strong>incolumitate</strong></span> 
     </span>
     <span class='ocr_line' id='line_1_33' title="bbox 160 4023 1349 4108; baseline 0.005 -21"><span class='ocrx_word' id='word_1_230' title='bbox 160 4023 293 4088; x_wconf 49' lang='lat' dir='ltr'><strong>*donare</strong></span> <span class='ocrx_word' id='word_1_231' title='bbox 328 4024 385 4089; x_wconf 90' lang='lat' dir='ltr'><strong>scd</strong></span> <span class='ocrx_word' id='word_1_232' title='bbox 417 4023 607 4091; x_wconf 88' lang='lat' dir='ltr'><strong>sacerdotio.</strong></span> <span class='ocrx_word' id='word_1_233' title='bbox 643 4024 755 4092; x_wconf 81' lang='lat' dir='ltr'><strong>Cicero</strong></span> <span class='ocrx_word' id='word_1_234' title='bbox 790 4026 879 4092; x_wconf 88' lang='lat' dir='ltr'><strong>dicit:</strong></span> <span class='ocrx_word' id='word_1_235' title='bbox 914 4045 978 4092; x_wconf 90' lang='lat' dir='ltr'><strong>non</strong></span> <span class='ocrx_word' id='word_1_236' title='bbox 1013 4024 1219 4108; x_wconf 88' lang='lat' dir='ltr'><strong>modo-sed,</strong></span> <span class='ocrx_word' id='word_1_237' title='bbox 1251 4026 1349 4107; x_wconf 91' lang='lat' dir='ltr'><strong>idque</strong></span> 
     </span>
     <span class='ocr_line' id='line_1_34' title="bbox 170 4128 918 4216; baseline 0.001 -20"><span class='ocrx_word' id='word_1_238' title='bbox 170 4129 343 4213; x_wconf 87' lang='lat' dir='ltr'><strong>perpaucis</strong></span> <span class='ocrx_word' id='word_1_239' title='bbox 366 4129 456 4195; x_wconf 88' lang='lat' dir='ltr'><strong>loeis.</strong></span> <span class='ocrx_word' id='word_1_240' title='bbox 481 4128 535 4213; x_wconf 83' lang='lat' dir='ltr'><strong>(ci.</strong></span> <span class='ocrx_word' id='word_1_241' title='bbox 560 4131 708 4216; x_wconf 85' lang='lat' dir='ltr'><strong>Dracgcr</strong></span> <span class='ocrx_word' id='word_1_242' title='bbox 730 4132 775 4198; x_wconf 89' lang='grc' dir='ltr'><strong>Π.</strong></span> <span class='ocrx_word' id='word_1_243' title='bbox 798 4151 828 4215; x_wconf 94' lang='lat' dir='ltr'><strong>p.</strong></span> <span class='ocrx_word' id='word_1_244' title='bbox 853 4129 918 4216; x_wconf 83' lang='lat'>99.)</span> 
     </span>
    </p>

    <p class='ocr_par' dir='ltr' id='par_1_14' title="bbox 278 4233 1364 4323">
     <span class='ocr_line' id='line_1_35' title="bbox 278 4233 1364 4323; baseline 0.003 -21"><span class='ocrx_word' id='word_1_245' title='bbox 278 4233 351 4302; x_wconf 82' lang='lat' dir='ltr'><strong>Non</strong></span> <span class='ocrx_word' id='word_1_246' title='bbox 384 4235 593 4302; x_wconf 75' lang='grc'><strong>2222222222</strong></span> <span class='ocrx_word' id='word_1_247' title='bbox 609 4275 652 4286; x_wconf 94' lang='grc'>-</span> <span class='ocrx_word' id='word_1_248' title='bbox 667 4236 721 4303; x_wconf 74' lang='lat' dir='ltr'><strong>aad</strong></span> <span class='ocrx_word' id='word_1_249' title='bbox 742 4257 857 4323; x_wconf 78' lang='lat' dir='ltr'><strong>quoque</strong></span> <span class='ocrx_word' id='word_1_250' title='bbox 881 4242 999 4304; x_wconf 83' lang='lat' dir='ltr'><strong>exstat.</strong></span> <span class='ocrx_word' id='word_1_251' title='bbox 1024 4242 1053 4304; x_wconf 94' lang='grc'><strong>2.</strong></span> <span class='ocrx_word' id='word_1_252' title='bbox 1068 4239 1174 4323; x_wconf 58' lang='grc'><strong>1102.</strong></span> <span class='ocrx_word' id='word_1_253' title='bbox 1198 4240 1364 4305; x_wconf 76' lang='lat' dir='ltr'><strong>omnibus.</strong></span> 
     </span>
    </p>
   </div>
   <div class='ocr_carea' id='block_1_5' title="bbox 0 0 1568 4846">
    <p class='ocr_par' dir='ltr' id='par_1_15' title="bbox 0 0 1568 4846">
     <span class='ocr_line' id='line_1_36' title="bbox 0 0 1568 4846; baseline 0 3"><span class='ocrx_word' id='word_1_254' title='bbox 0 0 1568 4846; x_wconf 95' lang='lat' dir='ltr'><strong> </strong></span> 
     </span>
    </p>
   </div>
  </div>
 </body>
</html>
