3128 4846
728 302 903 363 ...43-

331 483 392 551 Ea.
415 488 478 554 hae
502 488 802 574 (insolentiores,
825 512 867 558 ex
891 493 1027 562 diverso.
1044 499 1073 560 2.
1090 495 1198 576 101,3,
1216 498 1250 560 01
1281 511 1323 559 ex
1353 495 1402 574 in·

213 600 355 675 =sperato
380 597 519 677 2.112,6
543 597 704 678 propriae
717 606 795 664 sunt
829 606 1006 681 argenteae
1030 599 1206 666 latinitatis
1229 619 1333 681 00000
1360 601 1398 668 10

221 701 370 783 priorum
393 702 487 768 libris
511 709 656 770 exstant.

330 807 373 872 Io
401 808 531 874 finalem
570 811 638 875 vim
669 812 768 877 habet
798 831 873 878 raro
911 813 997 893 apud
1037 814 1175 894 optimos
1213 813 1401 896 soriutores,

216 916 356 998 saepius
371 915 447 982 inde
462 935 481 980 a
494 917 599 982 Livio.
617 921 735 1001 2.41,3
751 919 865 986 101100.
884 926 912 984 2.
924 923 967 984 47
972 925 1002 999 ,4
1019 921 1053 984 10
1081 920 1115 986 id
1127 921 1241 1002 ipsum.
1259 927 1289 988 2.
1308 925 1399 1003 114,2

224 1023 259 1087 10
282 1023 342 1088 hoo
365 1023 477 1088 solum.
502 1026 530 1089 2.
544 1029 620 1107 68,4
655 1025 689 1089 10
713 1026 822 1090 omnia
845 1025 883 1091 ef.
909 1027 957 1092 uti
981 1029 1063 1112 alqa
1072 1045 1108 1092 re
1124 1027 1156 1090 in
1174 1027 1259 1109 alqd.
1284 1031 1400 1110 2.4l‚‘t

214 1147 335 1217 'somno
359 1137 393 1194 01
415 1129 487 1194 oibo
510 1130 543 1194 in
568 1131 672 1196 vitam
696 1150 760 1198 non
784 1133 818 1197 in
849 1133 1061 1213 voluptatem.
1086 1139 1114 1198 2.
1136 1138 1226 1215 1162
1258 1134 1401 1216 segnitia

222 1235 315 1302 duois
338 1237 373 1301 in
397 1237 597 1302 occasionem
622 1238 762 1304 sceleris.
787 1245 816 1303 2.
830 1243 903 1320 97,1
928 1240 1057 1305 venalis
1081 1239 1115 1305 in
1138 1241 1245 1306 omnia

330 1345 364 1406 in
387 1344 638 1424 praepositionis
656 1363 733 1410 usus
758 1347 912 1411 abhorret
927 1348 969 1410 ab
986 1347 1109 1428 optima
1126 1346 1253 1412 dioendi
1270 1347 1398 1414 ratione

219 1441 275 1516 ¹his
298 1447 513 1533 10010;’1.9,2
537 1451 572 1515 10
606 1470 643 1516 eo
674 1453 768 1517 bello.
793 1456 822 1518 2.
836 1455 910 1536 24,2
952 1454 987 1519 10
1018 1454 1125 1535 priore
1155 1471 1249 1518 anno.
1284 1461 1312 1520 2.
1325 1458 1402 1536 44,4

117 1545 131 1554 ’
222 1557 258 1622 in
282 1558 342 1622 hoe
365 1558 545 1623 consulatu.
570 1561 598 1623 2.
611 1563 687 1641 481
712 1559 745 1623 in
763 1559 904 1624 seeundo
920 1561 1099 1624 consulatu.
1125 1565 1154 1623 2.
1172 1564 1265 1639 11105
1291 1560 1324 1625 in
1340 1562 1401 1625 hoe

218 1667 316 1730 tanto
339 1665 433 1730 bello.
458 1668 592 1747 2.116,1
621 1666 656 1730 10
678 1665 763 1730 bello
788 1666 982 1734 Delmatico.
1006 1663 1068 1748 (ita
1091 1665 1187 1750 reae.)

331 1767 396 1833 Sub
416 1790 441 1836 0.
458 1771 520 1836 abl.
544 1770 585 1854 (÷
607 1771 774 1852 wahrend,
791 1771 912 1855 gagen)
930 1772 969 1837 de
984 1778 1131 1853 tempore
1151 1772 1279 1838 dieitur.
1297 1773 1401 1857 (Poet.

219 1877 296 1945 Liv.
320 1876 415 1963 rece.)
439 1879 523 1944 Vell.
548 1881 577 1941 2.
591 1882 665 1962 24,1
691 1880 751 1944 sub
775 1879 918 1946 adventu
942 1879 1049 1946 Sullae.

331 1983 433 2070 Super
455 2005 480 2052 o.
503 2004 567 2052 000.
590 1985 754 2069 signifieat
784 1986 860 2052 inde
877 2006 897 2052 a
912 1987 1068 2054 Sallustio
1083 1987 1212 2052 modum
1227 2006 1402 2054 excessum.

219 2094 306 2160 Vell.
330 2097 468 2177 2.130,1
494 2112 592 2175 super
614 2095 788 2160 humanam
811 2093 906 2159 fidem
929 2094 1032 2160 evehi.

687 2437 826 2548 eaput
858 2429 930 2527 VI.

654 2629 698 2696 lla
716 2627 973 2698 Pronomioiirus.

330 2773 379 2838 No
401 2773 438 2837 in
460 2774 685 2852 pronominum
707 2772 836 2854 quidem
853 2791 914 2838 usu
930 2774 1070 2838 multum
1084 2774 1238 2839 abhorret
1253 2771 1398 2836 Velleius

225 2880 413 2962 apriorum
441 2877 593 2958 loquendi
624 2879 858 2944 consuetudine
892 2885 926 2944 01
956 2897 1059 2960 pauca
1088 2878 1311 2944 tantummodo
1342 2879 1402 2943 hoe

227 2986 297 3052 1000
320 2984 599 3050 commemoranda
621 2990 706 3068 sunt.

333 3091 509 3158 Pronomae
522 3093 728 3176 possessivum
752 3093 896 3158 Velleius
912 3092 1102 3172 saepissime
1117 3093 1323 3158 substantivo
1344 3111 1403 3173 per

225 3201 460 3266 abundantiam
484 3201 591 3282 addit,
616 3204 654 3266 ut
676 3200 742 3282 vis,
767 3216 851 3280 quae
874 3198 960 3279 apud
991 3200 1129 3278 optimos
1160 3200 1337 3278 scriptores
1368 3198 1403 3262 in
1461 3242 1464 3250 -

225 3325 264 3372 eo
287 3308 405 3390 inerat,
429 3326 532 3389 paene
547 3306 685 3388 periisse
699 3306 859 3371 videatur.
876 3304 915 3371 01
943 3310 1056 3386 1.16,1
1082 3323 1205 3384 nequeo
1218 3312 1402 3385 temperare

226 3414 316 3496 mihi,
333 3415 412 3494 quin
427 3433 497 3480 rem
513 3433 611 3496 saepe
627 3414 785 3494 agitatam
802 3412 909 3478 animo
926 3430 997 3477 meo
1010 3413 1136 3494 signem
1152 3413 1238 3478 stilo.
1262 3417 1291 3475 2.
1307 3417 1402 3492 120,6

227 3520 348 3587 Caldus
373 3521 492 3587 Caelius
520 3522 707 3602 complexus
738 3528 928 3585 catenarum
959 3519 1089 3602 seriem,
1124 3519 1241 3599 quibus
1271 3518 1403 3583 vinetus

225 3633 310 3708 erat,
339 3627 389 3692 ita
417 3629 493 3693 illas
523 3628 619 3692 illisit
650 3626 750 3707 capiti
782 3643 851 3707 000,
884 3632 921 3690 01
952 3633 1012 3690 010.
1043 3623 1083 3689 ai.
1114 3627 1143 3688 2.
1159 3626 1243 3705 22,1.
1276 3630 1304 3689 2.
1318 3627 1403 3705 29,4.

228 3740 257 3799 2.
270 3739 356 3818 41,4.
381 3741 408 3800 2.
421 3738 505 3800 402.
529 3741 559 3799 2.
573 3740 657 3815 823.
682 3735 808 3814 28103.
834 3734 983 3811 2.124,4.
1008 3731 1146 3812 saepius

333 3838 512 3907 Pronomao
534 3838 805 3905 deooonsirotionoo
827 3839 889 3922 hio,
907 3839 1076 3920 10001100
1099 3837 1244 3903 Velleius
1271 3836 1402 3918 saepius

225 3967 324 4029 quam
347 3948 473 4030 priores
496 3955 530 4014 et
552 3948 621 4014 fere
648 3947 761 4013 eodem
792 3945 885 4010 modo
910 3946 1039 4027 00010,
1071 3951 1125 4028 ea,
1157 3945 1192 4009 id
1225 3944 1334 4025 posuit
1364 3943 1404 4008 01.

228 4057 258 4120 2.
269 4059 346 4138 41,3
368 4055 454 4120 idem
477 4061 592 4136 postea
611 4056 659 4120 ita
682 4073 717 4120 00
733 4071 792 4134 per
808 4071 901 4118 omne
917 4055 1068 4136 spatium,
1094 4071 1156 4133 quo
1172 4054 1214 4117 ab
1231 4052 1282 4117 his
1298 4056 1405 4116 reten-

226 4165 283 4226 tus
306 4167 367 4245 001,
391 4161 478 4242 apud
502 4181 557 4227 000
580 4162 693 4243 gessit,
718 4165 756 4225 01
778 4159 906 4240 pariter
928 4158 979 4223 his
1000 4159 1119 4224 terrori
1134 4156 1404 4238 venerationique

226 4271 326 4333 esset.
350 4274 378 4335 2.
393 4273 467 4350 62,2
491 4268 619 4334 laudati
642 4267 825 4348 quicunque
848 4283 884 4331 00
906 4264 958 4330 his
985 4265 1149 4331 exereitus
1181 4264 1405 4330 tradidissent
